%YAML 1.1
%TAG !u! tag:unity3d.com,2011:
--- !u!29 &1
OcclusionCullingSettings:
  m_ObjectHideFlags: 0
  serializedVersion: 2
  m_OcclusionBakeSettings:
    smallestOccluder: 5
    smallestHole: 0.25
    backfaceThreshold: 100
  m_SceneGUID: 00000000000000000000000000000000
  m_OcclusionCullingData: {fileID: 0}
--- !u!104 &2
RenderSettings:
  m_ObjectHideFlags: 0
  serializedVersion: 9
  m_Fog: 0
  m_FogColor: {r: 0.5, g: 0.5, b: 0.5, a: 1}
  m_FogMode: 3
  m_FogDensity: 0.01
  m_LinearFogStart: 0
  m_LinearFogEnd: 300
  m_AmbientSkyColor: {r: 0.212, g: 0.227, b: 0.259, a: 1}
  m_AmbientEquatorColor: {r: 0.114, g: 0.125, b: 0.133, a: 1}
  m_AmbientGroundColor: {r: 0.047, g: 0.043, b: 0.035, a: 1}
  m_AmbientIntensity: 1
  m_AmbientMode: 3
  m_SubtractiveShadowColor: {r: 0.42, g: 0.478, b: 0.627, a: 1}
  m_SkyboxMaterial: {fileID: 0}
  m_HaloStrength: 0.5
  m_FlareStrength: 1
  m_FlareFadeSpeed: 3
  m_HaloTexture: {fileID: 0}
  m_SpotCookie: {fileID: 10001, guid: 0000000000000000e000000000000000, type: 0}
  m_DefaultReflectionMode: 0
  m_DefaultReflectionResolution: 128
  m_ReflectionBounces: 1
  m_ReflectionIntensity: 1
  m_CustomReflection: {fileID: 0}
  m_Sun: {fileID: 0}
  m_IndirectSpecularColor: {r: 0, g: 0, b: 0, a: 1}
  m_UseRadianceAmbientProbe: 0
--- !u!157 &3
LightmapSettings:
  m_ObjectHideFlags: 0
  serializedVersion: 12
  m_GIWorkflowMode: 1
  m_GISettings:
    serializedVersion: 2
    m_BounceScale: 1
    m_IndirectOutputScale: 1
    m_AlbedoBoost: 1
    m_EnvironmentLightingMode: 0
    m_EnableBakedLightmaps: 0
    m_EnableRealtimeLightmaps: 0
  m_LightmapEditorSettings:
    serializedVersion: 12
    m_Resolution: 2
    m_BakeResolution: 40
    m_AtlasSize: 1024
    m_AO: 0
    m_AOMaxDistance: 1
    m_CompAOExponent: 1
    m_CompAOExponentDirect: 0
    m_ExtractAmbientOcclusion: 0
    m_Padding: 2
    m_LightmapParameters: {fileID: 0}
    m_LightmapsBakeMode: 1
    m_TextureCompression: 1
    m_FinalGather: 0
    m_FinalGatherFiltering: 1
    m_FinalGatherRayCount: 256
    m_ReflectionCompression: 2
    m_MixedBakeMode: 2
    m_BakeBackend: 0
    m_PVRSampling: 1
    m_PVRDirectSampleCount: 32
    m_PVRSampleCount: 500
    m_PVRBounces: 2
    m_PVREnvironmentSampleCount: 500
    m_PVREnvironmentReferencePointCount: 2048
    m_PVRFilteringMode: 2
    m_PVRDenoiserTypeDirect: 0
    m_PVRDenoiserTypeIndirect: 0
    m_PVRDenoiserTypeAO: 0
    m_PVRFilterTypeDirect: 0
    m_PVRFilterTypeIndirect: 0
    m_PVRFilterTypeAO: 0
    m_PVREnvironmentMIS: 0
    m_PVRCulling: 1
    m_PVRFilteringGaussRadiusDirect: 1
    m_PVRFilteringGaussRadiusIndirect: 5
    m_PVRFilteringGaussRadiusAO: 2
    m_PVRFilteringAtrousPositionSigmaDirect: 0.5
    m_PVRFilteringAtrousPositionSigmaIndirect: 2
    m_PVRFilteringAtrousPositionSigmaAO: 1
    m_ExportTrainingData: 0
    m_TrainingDataDestination: TrainingData
    m_LightProbeSampleCountMultiplier: 4
  m_LightingDataAsset: {fileID: 0}
  m_LightingSettings: {fileID: 0}
--- !u!196 &4
NavMeshSettings:
  serializedVersion: 2
  m_ObjectHideFlags: 0
  m_BuildSettings:
    serializedVersion: 2
    agentTypeID: 0
    agentRadius: 0.5
    agentHeight: 2
    agentSlope: 45
    agentClimb: 0.4
    ledgeDropHeight: 0
    maxJumpAcrossDistance: 0
    minRegionArea: 2
    manualCellSize: 0
    cellSize: 0.16666667
    manualTileSize: 0
    tileSize: 256
    accuratePlacement: 0
    maxJobWorkers: 0
    preserveTilesOutsideBounds: 0
    debug:
      m_Flags: 0
  m_NavMeshData: {fileID: 0}
--- !u!1001 &48106619
PrefabInstance:
  m_ObjectHideFlags: 0
  serializedVersion: 2
  m_Modification:
    m_TransformParent: {fileID: 0}
    m_Modifications:
    - target: {fileID: 1094073836120385373, guid: 84b321f78ec9b004b9e90789b6dd5856, type: 3}
      propertyPath: m_RootOrder
      value: 6
      objectReference: {fileID: 0}
    - target: {fileID: 1094073836120385373, guid: 84b321f78ec9b004b9e90789b6dd5856, type: 3}
      propertyPath: m_LocalPosition.x
      value: 13.376074
      objectReference: {fileID: 0}
    - target: {fileID: 1094073836120385373, guid: 84b321f78ec9b004b9e90789b6dd5856, type: 3}
      propertyPath: m_LocalPosition.y
      value: 4.825945
      objectReference: {fileID: 0}
    - target: {fileID: 1094073836120385373, guid: 84b321f78ec9b004b9e90789b6dd5856, type: 3}
      propertyPath: m_LocalPosition.z
      value: 0
      objectReference: {fileID: 0}
    - target: {fileID: 1094073836120385373, guid: 84b321f78ec9b004b9e90789b6dd5856, type: 3}
      propertyPath: m_LocalRotation.w
      value: 1
      objectReference: {fileID: 0}
    - target: {fileID: 1094073836120385373, guid: 84b321f78ec9b004b9e90789b6dd5856, type: 3}
      propertyPath: m_LocalRotation.x
      value: 0
      objectReference: {fileID: 0}
    - target: {fileID: 1094073836120385373, guid: 84b321f78ec9b004b9e90789b6dd5856, type: 3}
      propertyPath: m_LocalRotation.y
      value: 0
      objectReference: {fileID: 0}
    - target: {fileID: 1094073836120385373, guid: 84b321f78ec9b004b9e90789b6dd5856, type: 3}
      propertyPath: m_LocalRotation.z
      value: 0
      objectReference: {fileID: 0}
    - target: {fileID: 1094073836120385373, guid: 84b321f78ec9b004b9e90789b6dd5856, type: 3}
      propertyPath: m_LocalEulerAnglesHint.x
      value: 0
      objectReference: {fileID: 0}
    - target: {fileID: 1094073836120385373, guid: 84b321f78ec9b004b9e90789b6dd5856, type: 3}
      propertyPath: m_LocalEulerAnglesHint.y
      value: 0
      objectReference: {fileID: 0}
    - target: {fileID: 1094073836120385373, guid: 84b321f78ec9b004b9e90789b6dd5856, type: 3}
      propertyPath: m_LocalEulerAnglesHint.z
      value: 0
      objectReference: {fileID: 0}
    - target: {fileID: 1094073836120385375, guid: 84b321f78ec9b004b9e90789b6dd5856, type: 3}
      propertyPath: m_Name
      value: Limite (3)
      objectReference: {fileID: 0}
    m_RemovedComponents: []
  m_SourcePrefab: {fileID: 100100000, guid: 84b321f78ec9b004b9e90789b6dd5856, type: 3}
--- !u!1001 &458383041
PrefabInstance:
  m_ObjectHideFlags: 0
  serializedVersion: 2
  m_Modification:
    m_TransformParent: {fileID: 0}
    m_Modifications:
    - target: {fileID: 1094073836120385373, guid: 84b321f78ec9b004b9e90789b6dd5856, type: 3}
      propertyPath: m_RootOrder
      value: 1
      objectReference: {fileID: 0}
    - target: {fileID: 1094073836120385373, guid: 84b321f78ec9b004b9e90789b6dd5856, type: 3}
      propertyPath: m_LocalPosition.x
      value: 49.982178
      objectReference: {fileID: 0}
    - target: {fileID: 1094073836120385373, guid: 84b321f78ec9b004b9e90789b6dd5856, type: 3}
      propertyPath: m_LocalPosition.y
      value: -5.302393
      objectReference: {fileID: 0}
    - target: {fileID: 1094073836120385373, guid: 84b321f78ec9b004b9e90789b6dd5856, type: 3}
      propertyPath: m_LocalPosition.z
      value: 0
      objectReference: {fileID: 0}
    - target: {fileID: 1094073836120385373, guid: 84b321f78ec9b004b9e90789b6dd5856, type: 3}
      propertyPath: m_LocalRotation.w
      value: 1
      objectReference: {fileID: 0}
    - target: {fileID: 1094073836120385373, guid: 84b321f78ec9b004b9e90789b6dd5856, type: 3}
      propertyPath: m_LocalRotation.x
      value: 0
      objectReference: {fileID: 0}
    - target: {fileID: 1094073836120385373, guid: 84b321f78ec9b004b9e90789b6dd5856, type: 3}
      propertyPath: m_LocalRotation.y
      value: 0
      objectReference: {fileID: 0}
    - target: {fileID: 1094073836120385373, guid: 84b321f78ec9b004b9e90789b6dd5856, type: 3}
      propertyPath: m_LocalRotation.z
      value: 0
      objectReference: {fileID: 0}
    - target: {fileID: 1094073836120385373, guid: 84b321f78ec9b004b9e90789b6dd5856, type: 3}
      propertyPath: m_LocalEulerAnglesHint.x
      value: 0
      objectReference: {fileID: 0}
    - target: {fileID: 1094073836120385373, guid: 84b321f78ec9b004b9e90789b6dd5856, type: 3}
      propertyPath: m_LocalEulerAnglesHint.y
      value: 0
      objectReference: {fileID: 0}
    - target: {fileID: 1094073836120385373, guid: 84b321f78ec9b004b9e90789b6dd5856, type: 3}
      propertyPath: m_LocalEulerAnglesHint.z
      value: 0
      objectReference: {fileID: 0}
    - target: {fileID: 1094073836120385375, guid: 84b321f78ec9b004b9e90789b6dd5856, type: 3}
      propertyPath: m_Name
      value: Limite (8)
      objectReference: {fileID: 0}
    m_RemovedComponents: []
  m_SourcePrefab: {fileID: 100100000, guid: 84b321f78ec9b004b9e90789b6dd5856, type: 3}
--- !u!1 &519420028
GameObject:
  m_ObjectHideFlags: 0
  m_CorrespondingSourceObject: {fileID: 0}
  m_PrefabInstance: {fileID: 0}
  m_PrefabAsset: {fileID: 0}
  serializedVersion: 6
  m_Component:
  - component: {fileID: 519420032}
  - component: {fileID: 519420031}
  - component: {fileID: 519420029}
  m_Layer: 0
  m_Name: Camara_Escena1
  m_TagString: MainCamera
  m_Icon: {fileID: 0}
  m_NavMeshLayer: 0
  m_StaticEditorFlags: 0
  m_IsActive: 1
--- !u!81 &519420029
AudioListener:
  m_ObjectHideFlags: 0
  m_CorrespondingSourceObject: {fileID: 0}
  m_PrefabInstance: {fileID: 0}
  m_PrefabAsset: {fileID: 0}
  m_GameObject: {fileID: 519420028}
  m_Enabled: 1
--- !u!20 &519420031
Camera:
  m_ObjectHideFlags: 0
  m_CorrespondingSourceObject: {fileID: 0}
  m_PrefabInstance: {fileID: 0}
  m_PrefabAsset: {fileID: 0}
  m_GameObject: {fileID: 519420028}
  m_Enabled: 1
  serializedVersion: 2
  m_ClearFlags: 2
  m_BackGroundColor: {r: 0.19215687, g: 0.3019608, b: 0.4745098, a: 0}
  m_projectionMatrixMode: 1
  m_GateFitMode: 2
  m_FOVAxisMode: 0
  m_SensorSize: {x: 36, y: 24}
  m_LensShift: {x: 0, y: 0}
  m_FocalLength: 50
  m_NormalizedViewPortRect:
    serializedVersion: 2
    x: 0
    y: 0
    width: 1
    height: 1
  near clip plane: 0.3
  far clip plane: 1000
  field of view: 60
  orthographic: 1
  orthographic size: 20
  m_Depth: -1
  m_CullingMask:
    serializedVersion: 2
    m_Bits: 4294967295
  m_RenderingPath: -1
  m_TargetTexture: {fileID: 0}
  m_TargetDisplay: 0
  m_TargetEye: 0
  m_HDR: 1
  m_AllowMSAA: 0
  m_AllowDynamicResolution: 0
  m_ForceIntoRT: 0
  m_OcclusionCulling: 0
  m_StereoConvergence: 10
  m_StereoSeparation: 0.022
--- !u!4 &519420032
Transform:
  m_ObjectHideFlags: 0
  m_CorrespondingSourceObject: {fileID: 0}
  m_PrefabInstance: {fileID: 0}
  m_PrefabAsset: {fileID: 0}
  m_GameObject: {fileID: 519420028}
  m_LocalRotation: {x: 0, y: 0, z: 0, w: 1}
  m_LocalPosition: {x: 0, y: 0, z: -10}
  m_LocalScale: {x: 1, y: 1, z: 1}
  m_Children: []
  m_Father: {fileID: 0}
  m_RootOrder: 0
  m_LocalEulerAnglesHint: {x: 0, y: 0, z: 0}
--- !u!1 &521636680
GameObject:
  m_ObjectHideFlags: 0
  m_CorrespondingSourceObject: {fileID: 0}
  m_PrefabInstance: {fileID: 0}
  m_PrefabAsset: {fileID: 0}
  serializedVersion: 6
  m_Component:
  - component: {fileID: 521636684}
  - component: {fileID: 521636683}
  - component: {fileID: 521636682}
  - component: {fileID: 521636681}
  m_Layer: 5
  m_Name: Canvas
  m_TagString: Untagged
  m_Icon: {fileID: 0}
  m_NavMeshLayer: 0
  m_StaticEditorFlags: 0
  m_IsActive: 1
--- !u!114 &521636681
MonoBehaviour:
  m_ObjectHideFlags: 0
  m_CorrespondingSourceObject: {fileID: 0}
  m_PrefabInstance: {fileID: 0}
  m_PrefabAsset: {fileID: 0}
  m_GameObject: {fileID: 521636680}
  m_Enabled: 1
  m_EditorHideFlags: 0
  m_Script: {fileID: 11500000, guid: dc42784cf147c0c48a680349fa168899, type: 3}
  m_Name: 
  m_EditorClassIdentifier: 
  m_IgnoreReversedGraphics: 1
  m_BlockingObjects: 0
  m_BlockingMask:
    serializedVersion: 2
    m_Bits: 4294967295
--- !u!114 &521636682
MonoBehaviour:
  m_ObjectHideFlags: 0
  m_CorrespondingSourceObject: {fileID: 0}
  m_PrefabInstance: {fileID: 0}
  m_PrefabAsset: {fileID: 0}
  m_GameObject: {fileID: 521636680}
  m_Enabled: 1
  m_EditorHideFlags: 0
  m_Script: {fileID: 11500000, guid: 0cd44c1031e13a943bb63640046fad76, type: 3}
  m_Name: 
  m_EditorClassIdentifier: 
  m_UiScaleMode: 0
  m_ReferencePixelsPerUnit: 100
  m_ScaleFactor: 1
  m_ReferenceResolution: {x: 800, y: 600}
  m_ScreenMatchMode: 0
  m_MatchWidthOrHeight: 0
  m_PhysicalUnit: 3
  m_FallbackScreenDPI: 96
  m_DefaultSpriteDPI: 96
  m_DynamicPixelsPerUnit: 1
  m_PresetInfoIsWorld: 0
--- !u!223 &521636683
Canvas:
  m_ObjectHideFlags: 0
  m_CorrespondingSourceObject: {fileID: 0}
  m_PrefabInstance: {fileID: 0}
  m_PrefabAsset: {fileID: 0}
  m_GameObject: {fileID: 521636680}
  m_Enabled: 1
  serializedVersion: 3
  m_RenderMode: 1
  m_Camera: {fileID: 519420031}
  m_PlaneDistance: 100
  m_PixelPerfect: 0
  m_ReceivesEvents: 1
  m_OverrideSorting: 0
  m_OverridePixelPerfect: 0
  m_SortingBucketNormalizedSize: 0
  m_AdditionalShaderChannelsFlag: 0
  m_SortingLayerID: 0
  m_SortingOrder: 0
  m_TargetDisplay: 0
--- !u!224 &521636684
RectTransform:
  m_ObjectHideFlags: 0
  m_CorrespondingSourceObject: {fileID: 0}
  m_PrefabInstance: {fileID: 0}
  m_PrefabAsset: {fileID: 0}
  m_GameObject: {fileID: 521636680}
  m_LocalRotation: {x: 0, y: 0, z: 0, w: 1}
  m_LocalPosition: {x: 0, y: 0, z: 0}
  m_LocalScale: {x: 0, y: 0, z: 0}
  m_Children:
  - {fileID: 1168813139}
  m_Father: {fileID: 0}
  m_RootOrder: 17
  m_LocalEulerAnglesHint: {x: 0, y: 0, z: 0}
  m_AnchorMin: {x: 0, y: 0}
  m_AnchorMax: {x: 0, y: 0}
  m_AnchoredPosition: {x: 0, y: 0}
  m_SizeDelta: {x: 0, y: 0}
  m_Pivot: {x: 0, y: 0}
--- !u!1001 &629778320
PrefabInstance:
  m_ObjectHideFlags: 0
  serializedVersion: 2
  m_Modification:
    m_TransformParent: {fileID: 0}
    m_Modifications:
    - target: {fileID: 1094073836120385373, guid: 84b321f78ec9b004b9e90789b6dd5856, type: 3}
      propertyPath: m_RootOrder
      value: 7
      objectReference: {fileID: 0}
    - target: {fileID: 1094073836120385373, guid: 84b321f78ec9b004b9e90789b6dd5856, type: 3}
      propertyPath: m_LocalPosition.x
      value: -0.5077114
      objectReference: {fileID: 0}
    - target: {fileID: 1094073836120385373, guid: 84b321f78ec9b004b9e90789b6dd5856, type: 3}
      propertyPath: m_LocalPosition.y
      value: 4.825945
      objectReference: {fileID: 0}
    - target: {fileID: 1094073836120385373, guid: 84b321f78ec9b004b9e90789b6dd5856, type: 3}
      propertyPath: m_LocalPosition.z
      value: 0
      objectReference: {fileID: 0}
    - target: {fileID: 1094073836120385373, guid: 84b321f78ec9b004b9e90789b6dd5856, type: 3}
      propertyPath: m_LocalRotation.w
      value: 1
      objectReference: {fileID: 0}
    - target: {fileID: 1094073836120385373, guid: 84b321f78ec9b004b9e90789b6dd5856, type: 3}
      propertyPath: m_LocalRotation.x
      value: 0
      objectReference: {fileID: 0}
    - target: {fileID: 1094073836120385373, guid: 84b321f78ec9b004b9e90789b6dd5856, type: 3}
      propertyPath: m_LocalRotation.y
      value: 0
      objectReference: {fileID: 0}
    - target: {fileID: 1094073836120385373, guid: 84b321f78ec9b004b9e90789b6dd5856, type: 3}
      propertyPath: m_LocalRotation.z
      value: 0
      objectReference: {fileID: 0}
    - target: {fileID: 1094073836120385373, guid: 84b321f78ec9b004b9e90789b6dd5856, type: 3}
      propertyPath: m_LocalEulerAnglesHint.x
      value: 0
      objectReference: {fileID: 0}
    - target: {fileID: 1094073836120385373, guid: 84b321f78ec9b004b9e90789b6dd5856, type: 3}
      propertyPath: m_LocalEulerAnglesHint.y
      value: 0
      objectReference: {fileID: 0}
    - target: {fileID: 1094073836120385373, guid: 84b321f78ec9b004b9e90789b6dd5856, type: 3}
      propertyPath: m_LocalEulerAnglesHint.z
      value: 0
      objectReference: {fileID: 0}
    - target: {fileID: 1094073836120385375, guid: 84b321f78ec9b004b9e90789b6dd5856, type: 3}
      propertyPath: m_Name
      value: Limite (2)
      objectReference: {fileID: 0}
    m_RemovedComponents: []
  m_SourcePrefab: {fileID: 100100000, guid: 84b321f78ec9b004b9e90789b6dd5856, type: 3}
--- !u!1 &633252262
GameObject:
  m_ObjectHideFlags: 0
  m_CorrespondingSourceObject: {fileID: 0}
  m_PrefabInstance: {fileID: 0}
  m_PrefabAsset: {fileID: 0}
  serializedVersion: 6
  m_Component:
  - component: {fileID: 633252265}
  - component: {fileID: 633252264}
  - component: {fileID: 633252263}
  m_Layer: 0
  m_Name: EventSystem
  m_TagString: Untagged
  m_Icon: {fileID: 0}
  m_NavMeshLayer: 0
  m_StaticEditorFlags: 0
  m_IsActive: 1
--- !u!114 &633252263
MonoBehaviour:
  m_ObjectHideFlags: 0
  m_CorrespondingSourceObject: {fileID: 0}
  m_PrefabInstance: {fileID: 0}
  m_PrefabAsset: {fileID: 0}
  m_GameObject: {fileID: 633252262}
  m_Enabled: 1
  m_EditorHideFlags: 0
  m_Script: {fileID: 11500000, guid: 4f231c4fb786f3946a6b90b886c48677, type: 3}
  m_Name: 
  m_EditorClassIdentifier: 
  m_HorizontalAxis: Horizontal
  m_VerticalAxis: Vertical
  m_SubmitButton: Submit
  m_CancelButton: Cancel
  m_InputActionsPerSecond: 10
  m_RepeatDelay: 0.5
  m_ForceModuleActive: 0
--- !u!114 &633252264
MonoBehaviour:
  m_ObjectHideFlags: 0
  m_CorrespondingSourceObject: {fileID: 0}
  m_PrefabInstance: {fileID: 0}
  m_PrefabAsset: {fileID: 0}
  m_GameObject: {fileID: 633252262}
  m_Enabled: 1
  m_EditorHideFlags: 0
  m_Script: {fileID: 11500000, guid: 76c392e42b5098c458856cdf6ecaaaa1, type: 3}
  m_Name: 
  m_EditorClassIdentifier: 
  m_FirstSelected: {fileID: 0}
  m_sendNavigationEvents: 1
  m_DragThreshold: 10
--- !u!4 &633252265
Transform:
  m_ObjectHideFlags: 0
  m_CorrespondingSourceObject: {fileID: 0}
  m_PrefabInstance: {fileID: 0}
  m_PrefabAsset: {fileID: 0}
  m_GameObject: {fileID: 633252262}
  m_LocalRotation: {x: 0, y: 0, z: 0, w: 1}
  m_LocalPosition: {x: 0, y: 0, z: 0}
  m_LocalScale: {x: 1, y: 1, z: 1}
  m_Children: []
  m_Father: {fileID: 0}
  m_RootOrder: 18
  m_LocalEulerAnglesHint: {x: 0, y: 0, z: 0}
--- !u!1001 &692112255
PrefabInstance:
  m_ObjectHideFlags: 0
  serializedVersion: 2
  m_Modification:
    m_TransformParent: {fileID: 0}
    m_Modifications:
    - target: {fileID: 9003479888116331786, guid: c484d7e6a88c32c4681a97ce00e186b9, type: 3}
      propertyPath: m_Name
      value: Enemigo (3)
      objectReference: {fileID: 0}
    - target: {fileID: 9003479888116331791, guid: c484d7e6a88c32c4681a97ce00e186b9, type: 3}
      propertyPath: m_RootOrder
      value: 10
      objectReference: {fileID: 0}
    - target: {fileID: 9003479888116331791, guid: c484d7e6a88c32c4681a97ce00e186b9, type: 3}
      propertyPath: m_LocalPosition.x
      value: 47.468433
      objectReference: {fileID: 0}
    - target: {fileID: 9003479888116331791, guid: c484d7e6a88c32c4681a97ce00e186b9, type: 3}
      propertyPath: m_LocalPosition.y
      value: -3.6355598
      objectReference: {fileID: 0}
    - target: {fileID: 9003479888116331791, guid: c484d7e6a88c32c4681a97ce00e186b9, type: 3}
      propertyPath: m_LocalPosition.z
      value: 0
      objectReference: {fileID: 0}
    - target: {fileID: 9003479888116331791, guid: c484d7e6a88c32c4681a97ce00e186b9, type: 3}
      propertyPath: m_LocalRotation.w
      value: 1
      objectReference: {fileID: 0}
    - target: {fileID: 9003479888116331791, guid: c484d7e6a88c32c4681a97ce00e186b9, type: 3}
      propertyPath: m_LocalRotation.x
      value: 0
      objectReference: {fileID: 0}
    - target: {fileID: 9003479888116331791, guid: c484d7e6a88c32c4681a97ce00e186b9, type: 3}
      propertyPath: m_LocalRotation.y
      value: 0
      objectReference: {fileID: 0}
    - target: {fileID: 9003479888116331791, guid: c484d7e6a88c32c4681a97ce00e186b9, type: 3}
      propertyPath: m_LocalRotation.z
      value: 0
      objectReference: {fileID: 0}
    - target: {fileID: 9003479888116331791, guid: c484d7e6a88c32c4681a97ce00e186b9, type: 3}
      propertyPath: m_LocalEulerAnglesHint.x
      value: 0
      objectReference: {fileID: 0}
    - target: {fileID: 9003479888116331791, guid: c484d7e6a88c32c4681a97ce00e186b9, type: 3}
      propertyPath: m_LocalEulerAnglesHint.y
      value: 0
      objectReference: {fileID: 0}
    - target: {fileID: 9003479888116331791, guid: c484d7e6a88c32c4681a97ce00e186b9, type: 3}
      propertyPath: m_LocalEulerAnglesHint.z
      value: 0
      objectReference: {fileID: 0}
    m_RemovedComponents: []
  m_SourcePrefab: {fileID: 100100000, guid: c484d7e6a88c32c4681a97ce00e186b9, type: 3}
--- !u!1001 &984254685
PrefabInstance:
  m_ObjectHideFlags: 0
  serializedVersion: 2
  m_Modification:
    m_TransformParent: {fileID: 0}
    m_Modifications:
    - target: {fileID: 1094073836120385373, guid: 84b321f78ec9b004b9e90789b6dd5856, type: 3}
      propertyPath: m_RootOrder
      value: 5
      objectReference: {fileID: 0}
    - target: {fileID: 1094073836120385373, guid: 84b321f78ec9b004b9e90789b6dd5856, type: 3}
      propertyPath: m_LocalPosition.x
      value: 13.394934
      objectReference: {fileID: 0}
    - target: {fileID: 1094073836120385373, guid: 84b321f78ec9b004b9e90789b6dd5856, type: 3}
      propertyPath: m_LocalPosition.y
      value: -2.6849556
      objectReference: {fileID: 0}
    - target: {fileID: 1094073836120385373, guid: 84b321f78ec9b004b9e90789b6dd5856, type: 3}
      propertyPath: m_LocalPosition.z
      value: 0
      objectReference: {fileID: 0}
    - target: {fileID: 1094073836120385373, guid: 84b321f78ec9b004b9e90789b6dd5856, type: 3}
      propertyPath: m_LocalRotation.w
      value: 1
      objectReference: {fileID: 0}
    - target: {fileID: 1094073836120385373, guid: 84b321f78ec9b004b9e90789b6dd5856, type: 3}
      propertyPath: m_LocalRotation.x
      value: 0
      objectReference: {fileID: 0}
    - target: {fileID: 1094073836120385373, guid: 84b321f78ec9b004b9e90789b6dd5856, type: 3}
      propertyPath: m_LocalRotation.y
      value: 0
      objectReference: {fileID: 0}
    - target: {fileID: 1094073836120385373, guid: 84b321f78ec9b004b9e90789b6dd5856, type: 3}
      propertyPath: m_LocalRotation.z
      value: 0
      objectReference: {fileID: 0}
    - target: {fileID: 1094073836120385373, guid: 84b321f78ec9b004b9e90789b6dd5856, type: 3}
      propertyPath: m_LocalEulerAnglesHint.x
      value: 0
      objectReference: {fileID: 0}
    - target: {fileID: 1094073836120385373, guid: 84b321f78ec9b004b9e90789b6dd5856, type: 3}
      propertyPath: m_LocalEulerAnglesHint.y
      value: 0
      objectReference: {fileID: 0}
    - target: {fileID: 1094073836120385373, guid: 84b321f78ec9b004b9e90789b6dd5856, type: 3}
      propertyPath: m_LocalEulerAnglesHint.z
      value: 0
      objectReference: {fileID: 0}
    - target: {fileID: 1094073836120385375, guid: 84b321f78ec9b004b9e90789b6dd5856, type: 3}
      propertyPath: m_Name
      value: Limite (4)
      objectReference: {fileID: 0}
    m_RemovedComponents: []
  m_SourcePrefab: {fileID: 100100000, guid: 84b321f78ec9b004b9e90789b6dd5856, type: 3}
--- !u!1 &1083981580
GameObject:
  m_ObjectHideFlags: 0
  m_CorrespondingSourceObject: {fileID: 0}
  m_PrefabInstance: {fileID: 0}
  m_PrefabAsset: {fileID: 0}
  serializedVersion: 6
  m_Component:
  - component: {fileID: 1083981582}
  - component: {fileID: 1083981581}
  m_Layer: 0
  m_Name: Grid
  m_TagString: Untagged
  m_Icon: {fileID: 0}
  m_NavMeshLayer: 0
  m_StaticEditorFlags: 0
  m_IsActive: 1
--- !u!156049354 &1083981581
Grid:
  m_ObjectHideFlags: 0
  m_CorrespondingSourceObject: {fileID: 0}
  m_PrefabInstance: {fileID: 0}
  m_PrefabAsset: {fileID: 0}
  m_GameObject: {fileID: 1083981580}
  m_Enabled: 1
  m_CellSize: {x: 1, y: 1, z: 0}
  m_CellGap: {x: 0, y: 0, z: 0}
  m_CellLayout: 0
  m_CellSwizzle: 0
--- !u!4 &1083981582
Transform:
  m_ObjectHideFlags: 0
  m_CorrespondingSourceObject: {fileID: 0}
  m_PrefabInstance: {fileID: 0}
  m_PrefabAsset: {fileID: 0}
  m_GameObject: {fileID: 1083981580}
  m_LocalRotation: {x: 0, y: 0, z: 0, w: 1}
  m_LocalPosition: {x: 0, y: 0, z: 0}
  m_LocalScale: {x: 1, y: 1, z: 1}
  m_Children:
  - {fileID: 2052959845}
  - {fileID: 1961045076}
  m_Father: {fileID: 0}
  m_RootOrder: 13
  m_LocalEulerAnglesHint: {x: 0, y: 0, z: 0}
--- !u!1 &1168813138
GameObject:
  m_ObjectHideFlags: 0
  m_CorrespondingSourceObject: {fileID: 0}
  m_PrefabInstance: {fileID: 0}
  m_PrefabAsset: {fileID: 0}
  serializedVersion: 6
  m_Component:
  - component: {fileID: 1168813139}
  - component: {fileID: 1168813141}
  - component: {fileID: 1168813140}
  m_Layer: 5
  m_Name: Vidas
  m_TagString: Untagged
  m_Icon: {fileID: 0}
  m_NavMeshLayer: 0
  m_StaticEditorFlags: 0
  m_IsActive: 1
--- !u!224 &1168813139
RectTransform:
  m_ObjectHideFlags: 0
  m_CorrespondingSourceObject: {fileID: 0}
  m_PrefabInstance: {fileID: 0}
  m_PrefabAsset: {fileID: 0}
  m_GameObject: {fileID: 1168813138}
  m_LocalRotation: {x: 0, y: 0, z: 0, w: 1}
  m_LocalPosition: {x: 0, y: 0, z: 0}
  m_LocalScale: {x: 1, y: 1, z: 1}
  m_Children: []
  m_Father: {fileID: 521636684}
  m_RootOrder: 0
  m_LocalEulerAnglesHint: {x: 0, y: 0, z: 0}
  m_AnchorMin: {x: 0.5, y: 0.5}
  m_AnchorMax: {x: 0.5, y: 0.5}
  m_AnchoredPosition: {x: -348, y: 148.5}
  m_SizeDelta: {x: 160, y: 30}
  m_Pivot: {x: 0.5, y: 0.5}
--- !u!114 &1168813140
MonoBehaviour:
  m_ObjectHideFlags: 0
  m_CorrespondingSourceObject: {fileID: 0}
  m_PrefabInstance: {fileID: 0}
  m_PrefabAsset: {fileID: 0}
  m_GameObject: {fileID: 1168813138}
  m_Enabled: 1
  m_EditorHideFlags: 0
  m_Script: {fileID: 11500000, guid: 5f7201a12d95ffc409449d95f23cf332, type: 3}
  m_Name: 
  m_EditorClassIdentifier: 
  m_Material: {fileID: 0}
  m_Color: {r: 1, g: 1, b: 1, a: 1}
  m_RaycastTarget: 1
  m_RaycastPadding: {x: 0, y: 0, z: 0, w: 0}
  m_Maskable: 1
  m_OnCullStateChanged:
    m_PersistentCalls:
      m_Calls: []
  m_FontData:
    m_Font: {fileID: 10102, guid: 0000000000000000e000000000000000, type: 0}
    m_FontSize: 25
    m_FontStyle: 0
    m_BestFit: 0
    m_MinSize: 2
    m_MaxSize: 40
    m_Alignment: 0
    m_AlignByGeometry: 0
    m_RichText: 1
    m_HorizontalOverflow: 0
    m_VerticalOverflow: 0
    m_LineSpacing: 1
  m_Text: Vidas
--- !u!222 &1168813141
CanvasRenderer:
  m_ObjectHideFlags: 0
  m_CorrespondingSourceObject: {fileID: 0}
  m_PrefabInstance: {fileID: 0}
  m_PrefabAsset: {fileID: 0}
  m_GameObject: {fileID: 1168813138}
  m_CullTransparentMesh: 1
--- !u!1001 &1208590053
PrefabInstance:
  m_ObjectHideFlags: 0
  serializedVersion: 2
  m_Modification:
    m_TransformParent: {fileID: 0}
    m_Modifications:
    - target: {fileID: 1094073836120385373, guid: 84b321f78ec9b004b9e90789b6dd5856, type: 3}
      propertyPath: m_RootOrder
      value: 8
      objectReference: {fileID: 0}
    - target: {fileID: 1094073836120385373, guid: 84b321f78ec9b004b9e90789b6dd5856, type: 3}
      propertyPath: m_LocalPosition.x
      value: -15.74
      objectReference: {fileID: 0}
    - target: {fileID: 1094073836120385373, guid: 84b321f78ec9b004b9e90789b6dd5856, type: 3}
      propertyPath: m_LocalPosition.y
      value: -5.73312
      objectReference: {fileID: 0}
    - target: {fileID: 1094073836120385373, guid: 84b321f78ec9b004b9e90789b6dd5856, type: 3}
      propertyPath: m_LocalPosition.z
      value: 0
      objectReference: {fileID: 0}
    - target: {fileID: 1094073836120385373, guid: 84b321f78ec9b004b9e90789b6dd5856, type: 3}
      propertyPath: m_LocalRotation.w
      value: 1
      objectReference: {fileID: 0}
    - target: {fileID: 1094073836120385373, guid: 84b321f78ec9b004b9e90789b6dd5856, type: 3}
      propertyPath: m_LocalRotation.x
      value: 0
      objectReference: {fileID: 0}
    - target: {fileID: 1094073836120385373, guid: 84b321f78ec9b004b9e90789b6dd5856, type: 3}
      propertyPath: m_LocalRotation.y
      value: 0
      objectReference: {fileID: 0}
    - target: {fileID: 1094073836120385373, guid: 84b321f78ec9b004b9e90789b6dd5856, type: 3}
      propertyPath: m_LocalRotation.z
      value: 0
      objectReference: {fileID: 0}
    - target: {fileID: 1094073836120385373, guid: 84b321f78ec9b004b9e90789b6dd5856, type: 3}
      propertyPath: m_LocalEulerAnglesHint.x
      value: 0
      objectReference: {fileID: 0}
    - target: {fileID: 1094073836120385373, guid: 84b321f78ec9b004b9e90789b6dd5856, type: 3}
      propertyPath: m_LocalEulerAnglesHint.y
      value: 0
      objectReference: {fileID: 0}
    - target: {fileID: 1094073836120385373, guid: 84b321f78ec9b004b9e90789b6dd5856, type: 3}
      propertyPath: m_LocalEulerAnglesHint.z
      value: 0
      objectReference: {fileID: 0}
    - target: {fileID: 1094073836120385375, guid: 84b321f78ec9b004b9e90789b6dd5856, type: 3}
      propertyPath: m_Name
      value: Limite (1)
      objectReference: {fileID: 0}
    m_RemovedComponents: []
  m_SourcePrefab: {fileID: 100100000, guid: 84b321f78ec9b004b9e90789b6dd5856, type: 3}
--- !u!1001 &1279268240
PrefabInstance:
  m_ObjectHideFlags: 0
  serializedVersion: 2
  m_Modification:
    m_TransformParent: {fileID: 0}
    m_Modifications:
    - target: {fileID: 9003479888116331786, guid: c484d7e6a88c32c4681a97ce00e186b9, type: 3}
      propertyPath: m_Name
      value: Enemigo (2)
      objectReference: {fileID: 0}
    - target: {fileID: 9003479888116331791, guid: c484d7e6a88c32c4681a97ce00e186b9, type: 3}
      propertyPath: m_RootOrder
      value: 11
      objectReference: {fileID: 0}
    - target: {fileID: 9003479888116331791, guid: c484d7e6a88c32c4681a97ce00e186b9, type: 3}
      propertyPath: m_LocalPosition.x
      value: 33.65462
      objectReference: {fileID: 0}
    - target: {fileID: 9003479888116331791, guid: c484d7e6a88c32c4681a97ce00e186b9, type: 3}
      propertyPath: m_LocalPosition.y
      value: 3.4051507
      objectReference: {fileID: 0}
    - target: {fileID: 9003479888116331791, guid: c484d7e6a88c32c4681a97ce00e186b9, type: 3}
      propertyPath: m_LocalPosition.z
      value: 0
      objectReference: {fileID: 0}
    - target: {fileID: 9003479888116331791, guid: c484d7e6a88c32c4681a97ce00e186b9, type: 3}
      propertyPath: m_LocalRotation.w
      value: 1
      objectReference: {fileID: 0}
    - target: {fileID: 9003479888116331791, guid: c484d7e6a88c32c4681a97ce00e186b9, type: 3}
      propertyPath: m_LocalRotation.x
      value: 0
      objectReference: {fileID: 0}
    - target: {fileID: 9003479888116331791, guid: c484d7e6a88c32c4681a97ce00e186b9, type: 3}
      propertyPath: m_LocalRotation.y
      value: 0
      objectReference: {fileID: 0}
    - target: {fileID: 9003479888116331791, guid: c484d7e6a88c32c4681a97ce00e186b9, type: 3}
      propertyPath: m_LocalRotation.z
      value: 0
      objectReference: {fileID: 0}
    - target: {fileID: 9003479888116331791, guid: c484d7e6a88c32c4681a97ce00e186b9, type: 3}
      propertyPath: m_LocalEulerAnglesHint.x
      value: 0
      objectReference: {fileID: 0}
    - target: {fileID: 9003479888116331791, guid: c484d7e6a88c32c4681a97ce00e186b9, type: 3}
      propertyPath: m_LocalEulerAnglesHint.y
      value: 0
      objectReference: {fileID: 0}
    - target: {fileID: 9003479888116331791, guid: c484d7e6a88c32c4681a97ce00e186b9, type: 3}
      propertyPath: m_LocalEulerAnglesHint.z
      value: 0
      objectReference: {fileID: 0}
    m_RemovedComponents: []
  m_SourcePrefab: {fileID: 100100000, guid: c484d7e6a88c32c4681a97ce00e186b9, type: 3}
--- !u!1001 &1640603079
PrefabInstance:
  m_ObjectHideFlags: 0
  serializedVersion: 2
  m_Modification:
    m_TransformParent: {fileID: 0}
    m_Modifications:
    - target: {fileID: 1094073836120385373, guid: 84b321f78ec9b004b9e90789b6dd5856, type: 3}
      propertyPath: m_RootOrder
      value: 2
      objectReference: {fileID: 0}
    - target: {fileID: 1094073836120385373, guid: 84b321f78ec9b004b9e90789b6dd5856, type: 3}
      propertyPath: m_LocalPosition.x
      value: 37.464012
      objectReference: {fileID: 0}
    - target: {fileID: 1094073836120385373, guid: 84b321f78ec9b004b9e90789b6dd5856, type: 3}
      propertyPath: m_LocalPosition.y
      value: 0.8997898
      objectReference: {fileID: 0}
    - target: {fileID: 1094073836120385373, guid: 84b321f78ec9b004b9e90789b6dd5856, type: 3}
      propertyPath: m_LocalPosition.z
      value: 0
      objectReference: {fileID: 0}
    - target: {fileID: 1094073836120385373, guid: 84b321f78ec9b004b9e90789b6dd5856, type: 3}
      propertyPath: m_LocalRotation.w
      value: 1
      objectReference: {fileID: 0}
    - target: {fileID: 1094073836120385373, guid: 84b321f78ec9b004b9e90789b6dd5856, type: 3}
      propertyPath: m_LocalRotation.x
      value: 0
      objectReference: {fileID: 0}
    - target: {fileID: 1094073836120385373, guid: 84b321f78ec9b004b9e90789b6dd5856, type: 3}
      propertyPath: m_LocalRotation.y
      value: 0
      objectReference: {fileID: 0}
    - target: {fileID: 1094073836120385373, guid: 84b321f78ec9b004b9e90789b6dd5856, type: 3}
      propertyPath: m_LocalRotation.z
      value: 0
      objectReference: {fileID: 0}
    - target: {fileID: 1094073836120385373, guid: 84b321f78ec9b004b9e90789b6dd5856, type: 3}
      propertyPath: m_LocalEulerAnglesHint.x
      value: 0
      objectReference: {fileID: 0}
    - target: {fileID: 1094073836120385373, guid: 84b321f78ec9b004b9e90789b6dd5856, type: 3}
      propertyPath: m_LocalEulerAnglesHint.y
      value: 0
      objectReference: {fileID: 0}
    - target: {fileID: 1094073836120385373, guid: 84b321f78ec9b004b9e90789b6dd5856, type: 3}
      propertyPath: m_LocalEulerAnglesHint.z
      value: 0
      objectReference: {fileID: 0}
    - target: {fileID: 1094073836120385375, guid: 84b321f78ec9b004b9e90789b6dd5856, type: 3}
      propertyPath: m_Name
      value: Limite (7)
      objectReference: {fileID: 0}
    m_RemovedComponents: []
  m_SourcePrefab: {fileID: 100100000, guid: 84b321f78ec9b004b9e90789b6dd5856, type: 3}
--- !u!1 &1691805276
GameObject:
  m_ObjectHideFlags: 0
  m_CorrespondingSourceObject: {fileID: 0}
  m_PrefabInstance: {fileID: 0}
  m_PrefabAsset: {fileID: 0}
  serializedVersion: 6
  m_Component:
  - component: {fileID: 1691805278}
  - component: {fileID: 1691805277}
  - component: {fileID: 1691805280}
  - component: {fileID: 1691805279}
  m_Layer: 0
  m_Name: llave
  m_TagString: Untagged
  m_Icon: {fileID: 0}
  m_NavMeshLayer: 0
  m_StaticEditorFlags: 0
  m_IsActive: 1
--- !u!212 &1691805277
SpriteRenderer:
  m_ObjectHideFlags: 0
  m_CorrespondingSourceObject: {fileID: 0}
  m_PrefabInstance: {fileID: 0}
  m_PrefabAsset: {fileID: 0}
  m_GameObject: {fileID: 1691805276}
  m_Enabled: 1
  m_CastShadows: 0
  m_ReceiveShadows: 0
  m_DynamicOccludee: 1
  m_MotionVectors: 1
  m_LightProbeUsage: 1
  m_ReflectionProbeUsage: 1
  m_RayTracingMode: 0
  m_RayTraceProcedural: 0
  m_RenderingLayerMask: 1
  m_RendererPriority: 0
  m_Materials:
  - {fileID: 10754, guid: 0000000000000000f000000000000000, type: 0}
  m_StaticBatchInfo:
    firstSubMesh: 0
    subMeshCount: 0
  m_StaticBatchRoot: {fileID: 0}
  m_ProbeAnchor: {fileID: 0}
  m_LightProbeVolumeOverride: {fileID: 0}
  m_ScaleInLightmap: 1
  m_ReceiveGI: 1
  m_PreserveUVs: 0
  m_IgnoreNormalsForChartDetection: 0
  m_ImportantGI: 0
  m_StitchLightmapSeams: 1
  m_SelectedEditorRenderState: 0
  m_MinimumChartSize: 4
  m_AutoUVMaxDistance: 0.5
  m_AutoUVMaxAngle: 89
  m_LightmapParameters: {fileID: 0}
  m_SortingLayerID: 0
  m_SortingLayer: 0
  m_SortingOrder: 0
  m_Sprite: {fileID: 21300000, guid: a68345f51bb85b1469d685215a0aef31, type: 3}
  m_Color: {r: 1, g: 1, b: 1, a: 1}
  m_FlipX: 0
  m_FlipY: 0
  m_DrawMode: 0
  m_Size: {x: 5.12, y: 5.12}
  m_AdaptiveModeThreshold: 0.5
  m_SpriteTileMode: 0
  m_WasSpriteAssigned: 1
  m_MaskInteraction: 0
  m_SpriteSortPoint: 0
--- !u!4 &1691805278
Transform:
  m_ObjectHideFlags: 0
  m_CorrespondingSourceObject: {fileID: 0}
  m_PrefabInstance: {fileID: 0}
  m_PrefabAsset: {fileID: 0}
  m_GameObject: {fileID: 1691805276}
  m_LocalRotation: {x: 0, y: 0, z: 0, w: 1}
  m_LocalPosition: {x: 24.6, y: 15.2, z: 0}
  m_LocalScale: {x: 0.5, y: 0.5, z: 0.5}
  m_Children: []
  m_Father: {fileID: 0}
  m_RootOrder: 19
  m_LocalEulerAnglesHint: {x: 0, y: 0, z: 0}
--- !u!114 &1691805279
MonoBehaviour:
  m_ObjectHideFlags: 0
  m_CorrespondingSourceObject: {fileID: 0}
  m_PrefabInstance: {fileID: 0}
  m_PrefabAsset: {fileID: 0}
  m_GameObject: {fileID: 1691805276}
  m_Enabled: 1
  m_EditorHideFlags: 0
  m_Script: {fileID: 11500000, guid: 7069718e655357e43b2fed42f46cacb9, type: 3}
  m_Name: 
  m_EditorClassIdentifier: 
--- !u!58 &1691805280
CircleCollider2D:
  m_ObjectHideFlags: 0
  m_CorrespondingSourceObject: {fileID: 0}
  m_PrefabInstance: {fileID: 0}
  m_PrefabAsset: {fileID: 0}
  m_GameObject: {fileID: 1691805276}
  m_Enabled: 1
  m_Density: 1
  m_Material: {fileID: 0}
  m_IsTrigger: 1
  m_UsedByEffector: 0
  m_UsedByComposite: 0
  m_Offset: {x: 0, y: 0.046328545}
  serializedVersion: 2
  m_Radius: 1.7724094
--- !u!1001 &1741286569
PrefabInstance:
  m_ObjectHideFlags: 0
  serializedVersion: 2
  m_Modification:
    m_TransformParent: {fileID: 0}
    m_Modifications:
    - target: {fileID: 9003479888116331786, guid: c484d7e6a88c32c4681a97ce00e186b9, type: 3}
      propertyPath: m_Name
      value: Enemigo (4)
      objectReference: {fileID: 0}
    - target: {fileID: 9003479888116331791, guid: c484d7e6a88c32c4681a97ce00e186b9, type: 3}
      propertyPath: m_RootOrder
      value: 9
      objectReference: {fileID: 0}
    - target: {fileID: 9003479888116331791, guid: c484d7e6a88c32c4681a97ce00e186b9, type: 3}
      propertyPath: m_LocalPosition.x
      value: 23.217098
      objectReference: {fileID: 0}
    - target: {fileID: 9003479888116331791, guid: c484d7e6a88c32c4681a97ce00e186b9, type: 3}
      propertyPath: m_LocalPosition.y
      value: -1.6239283
      objectReference: {fileID: 0}
    - target: {fileID: 9003479888116331791, guid: c484d7e6a88c32c4681a97ce00e186b9, type: 3}
      propertyPath: m_LocalPosition.z
      value: 0
      objectReference: {fileID: 0}
    - target: {fileID: 9003479888116331791, guid: c484d7e6a88c32c4681a97ce00e186b9, type: 3}
      propertyPath: m_LocalRotation.w
      value: 1
      objectReference: {fileID: 0}
    - target: {fileID: 9003479888116331791, guid: c484d7e6a88c32c4681a97ce00e186b9, type: 3}
      propertyPath: m_LocalRotation.x
      value: 0
      objectReference: {fileID: 0}
    - target: {fileID: 9003479888116331791, guid: c484d7e6a88c32c4681a97ce00e186b9, type: 3}
      propertyPath: m_LocalRotation.y
      value: 0
      objectReference: {fileID: 0}
    - target: {fileID: 9003479888116331791, guid: c484d7e6a88c32c4681a97ce00e186b9, type: 3}
      propertyPath: m_LocalRotation.z
      value: 0
      objectReference: {fileID: 0}
    - target: {fileID: 9003479888116331791, guid: c484d7e6a88c32c4681a97ce00e186b9, type: 3}
      propertyPath: m_LocalEulerAnglesHint.x
      value: 0
      objectReference: {fileID: 0}
    - target: {fileID: 9003479888116331791, guid: c484d7e6a88c32c4681a97ce00e186b9, type: 3}
      propertyPath: m_LocalEulerAnglesHint.y
      value: 0
      objectReference: {fileID: 0}
    - target: {fileID: 9003479888116331791, guid: c484d7e6a88c32c4681a97ce00e186b9, type: 3}
      propertyPath: m_LocalEulerAnglesHint.z
      value: 0
      objectReference: {fileID: 0}
    m_RemovedComponents: []
  m_SourcePrefab: {fileID: 100100000, guid: c484d7e6a88c32c4681a97ce00e186b9, type: 3}
--- !u!1001 &1759253956
PrefabInstance:
  m_ObjectHideFlags: 0
  serializedVersion: 2
  m_Modification:
    m_TransformParent: {fileID: 0}
    m_Modifications:
    - target: {fileID: 1094073836120385373, guid: 84b321f78ec9b004b9e90789b6dd5856, type: 3}
      propertyPath: m_RootOrder
      value: 3
      objectReference: {fileID: 0}
    - target: {fileID: 1094073836120385373, guid: 84b321f78ec9b004b9e90789b6dd5856, type: 3}
      propertyPath: m_LocalPosition.x
      value: 33.993065
      objectReference: {fileID: 0}
    - target: {fileID: 1094073836120385373, guid: 84b321f78ec9b004b9e90789b6dd5856, type: 3}
      propertyPath: m_LocalPosition.y
      value: -5.359294
      objectReference: {fileID: 0}
    - target: {fileID: 1094073836120385373, guid: 84b321f78ec9b004b9e90789b6dd5856, type: 3}
      propertyPath: m_LocalPosition.z
      value: 0
      objectReference: {fileID: 0}
    - target: {fileID: 1094073836120385373, guid: 84b321f78ec9b004b9e90789b6dd5856, type: 3}
      propertyPath: m_LocalRotation.w
      value: 1
      objectReference: {fileID: 0}
    - target: {fileID: 1094073836120385373, guid: 84b321f78ec9b004b9e90789b6dd5856, type: 3}
      propertyPath: m_LocalRotation.x
      value: 0
      objectReference: {fileID: 0}
    - target: {fileID: 1094073836120385373, guid: 84b321f78ec9b004b9e90789b6dd5856, type: 3}
      propertyPath: m_LocalRotation.y
      value: 0
      objectReference: {fileID: 0}
    - target: {fileID: 1094073836120385373, guid: 84b321f78ec9b004b9e90789b6dd5856, type: 3}
      propertyPath: m_LocalRotation.z
      value: 0
      objectReference: {fileID: 0}
    - target: {fileID: 1094073836120385373, guid: 84b321f78ec9b004b9e90789b6dd5856, type: 3}
      propertyPath: m_LocalEulerAnglesHint.x
      value: 0
      objectReference: {fileID: 0}
    - target: {fileID: 1094073836120385373, guid: 84b321f78ec9b004b9e90789b6dd5856, type: 3}
      propertyPath: m_LocalEulerAnglesHint.y
      value: 0
      objectReference: {fileID: 0}
    - target: {fileID: 1094073836120385373, guid: 84b321f78ec9b004b9e90789b6dd5856, type: 3}
      propertyPath: m_LocalEulerAnglesHint.z
      value: 0
      objectReference: {fileID: 0}
    - target: {fileID: 1094073836120385375, guid: 84b321f78ec9b004b9e90789b6dd5856, type: 3}
      propertyPath: m_Name
      value: Limite (6)
      objectReference: {fileID: 0}
    m_RemovedComponents: []
  m_SourcePrefab: {fileID: 100100000, guid: 84b321f78ec9b004b9e90789b6dd5856, type: 3}
--- !u!1001 &1816281646
PrefabInstance:
  m_ObjectHideFlags: 0
  serializedVersion: 2
  m_Modification:
    m_TransformParent: {fileID: 0}
    m_Modifications:
    - target: {fileID: 1094073836120385373, guid: 84b321f78ec9b004b9e90789b6dd5856, type: 3}
      propertyPath: m_RootOrder
      value: 4
      objectReference: {fileID: 0}
    - target: {fileID: 1094073836120385373, guid: 84b321f78ec9b004b9e90789b6dd5856, type: 3}
      propertyPath: m_LocalPosition.x
      value: 25.400995
      objectReference: {fileID: 0}
    - target: {fileID: 1094073836120385373, guid: 84b321f78ec9b004b9e90789b6dd5856, type: 3}
      propertyPath: m_LocalPosition.y
      value: 0.10318184
      objectReference: {fileID: 0}
    - target: {fileID: 1094073836120385373, guid: 84b321f78ec9b004b9e90789b6dd5856, type: 3}
      propertyPath: m_LocalPosition.z
      value: 0
      objectReference: {fileID: 0}
    - target: {fileID: 1094073836120385373, guid: 84b321f78ec9b004b9e90789b6dd5856, type: 3}
      propertyPath: m_LocalRotation.w
      value: 1
      objectReference: {fileID: 0}
    - target: {fileID: 1094073836120385373, guid: 84b321f78ec9b004b9e90789b6dd5856, type: 3}
      propertyPath: m_LocalRotation.x
      value: 0
      objectReference: {fileID: 0}
    - target: {fileID: 1094073836120385373, guid: 84b321f78ec9b004b9e90789b6dd5856, type: 3}
      propertyPath: m_LocalRotation.y
      value: 0
      objectReference: {fileID: 0}
    - target: {fileID: 1094073836120385373, guid: 84b321f78ec9b004b9e90789b6dd5856, type: 3}
      propertyPath: m_LocalRotation.z
      value: 0
      objectReference: {fileID: 0}
    - target: {fileID: 1094073836120385373, guid: 84b321f78ec9b004b9e90789b6dd5856, type: 3}
      propertyPath: m_LocalEulerAnglesHint.x
      value: 0
      objectReference: {fileID: 0}
    - target: {fileID: 1094073836120385373, guid: 84b321f78ec9b004b9e90789b6dd5856, type: 3}
      propertyPath: m_LocalEulerAnglesHint.y
      value: 0
      objectReference: {fileID: 0}
    - target: {fileID: 1094073836120385373, guid: 84b321f78ec9b004b9e90789b6dd5856, type: 3}
      propertyPath: m_LocalEulerAnglesHint.z
      value: 0
      objectReference: {fileID: 0}
    - target: {fileID: 1094073836120385375, guid: 84b321f78ec9b004b9e90789b6dd5856, type: 3}
      propertyPath: m_Name
      value: Limite (5)
      objectReference: {fileID: 0}
    m_RemovedComponents: []
  m_SourcePrefab: {fileID: 100100000, guid: 84b321f78ec9b004b9e90789b6dd5856, type: 3}
--- !u!1001 &1890297046
PrefabInstance:
  m_ObjectHideFlags: 0
  serializedVersion: 2
  m_Modification:
    m_TransformParent: {fileID: 0}
    m_Modifications:
    - target: {fileID: 9003479888116331786, guid: c484d7e6a88c32c4681a97ce00e186b9, type: 3}
      propertyPath: m_Name
      value: Enemigo (1)
      objectReference: {fileID: 0}
    - target: {fileID: 9003479888116331791, guid: c484d7e6a88c32c4681a97ce00e186b9, type: 3}
      propertyPath: m_RootOrder
      value: 12
      objectReference: {fileID: 0}
    - target: {fileID: 9003479888116331791, guid: c484d7e6a88c32c4681a97ce00e186b9, type: 3}
      propertyPath: m_LocalPosition.x
      value: 10.520863
      objectReference: {fileID: 0}
    - target: {fileID: 9003479888116331791, guid: c484d7e6a88c32c4681a97ce00e186b9, type: 3}
      propertyPath: m_LocalPosition.y
      value: 6.534355
      objectReference: {fileID: 0}
    - target: {fileID: 9003479888116331791, guid: c484d7e6a88c32c4681a97ce00e186b9, type: 3}
      propertyPath: m_LocalPosition.z
      value: 0
      objectReference: {fileID: 0}
    - target: {fileID: 9003479888116331791, guid: c484d7e6a88c32c4681a97ce00e186b9, type: 3}
      propertyPath: m_LocalRotation.w
      value: 1
      objectReference: {fileID: 0}
    - target: {fileID: 9003479888116331791, guid: c484d7e6a88c32c4681a97ce00e186b9, type: 3}
      propertyPath: m_LocalRotation.x
      value: 0
      objectReference: {fileID: 0}
    - target: {fileID: 9003479888116331791, guid: c484d7e6a88c32c4681a97ce00e186b9, type: 3}
      propertyPath: m_LocalRotation.y
      value: 0
      objectReference: {fileID: 0}
    - target: {fileID: 9003479888116331791, guid: c484d7e6a88c32c4681a97ce00e186b9, type: 3}
      propertyPath: m_LocalRotation.z
      value: 0
      objectReference: {fileID: 0}
    - target: {fileID: 9003479888116331791, guid: c484d7e6a88c32c4681a97ce00e186b9, type: 3}
      propertyPath: m_LocalEulerAnglesHint.x
      value: 0
      objectReference: {fileID: 0}
    - target: {fileID: 9003479888116331791, guid: c484d7e6a88c32c4681a97ce00e186b9, type: 3}
      propertyPath: m_LocalEulerAnglesHint.y
      value: 0
      objectReference: {fileID: 0}
    - target: {fileID: 9003479888116331791, guid: c484d7e6a88c32c4681a97ce00e186b9, type: 3}
      propertyPath: m_LocalEulerAnglesHint.z
      value: 0
      objectReference: {fileID: 0}
    m_RemovedComponents: []
  m_SourcePrefab: {fileID: 100100000, guid: c484d7e6a88c32c4681a97ce00e186b9, type: 3}
--- !u!1 &1961045075
GameObject:
  m_ObjectHideFlags: 0
  m_CorrespondingSourceObject: {fileID: 0}
  m_PrefabInstance: {fileID: 0}
  m_PrefabAsset: {fileID: 0}
  serializedVersion: 6
  m_Component:
  - component: {fileID: 1961045076}
  - component: {fileID: 1961045080}
  - component: {fileID: 1961045079}
  - component: {fileID: 1961045078}
  - component: {fileID: 1961045077}
  - component: {fileID: 1961045082}
  - component: {fileID: 1961045081}
  m_Layer: 0
  m_Name: Plataforma
  m_TagString: Untagged
  m_Icon: {fileID: 0}
  m_NavMeshLayer: 0
  m_StaticEditorFlags: 0
  m_IsActive: 1
--- !u!4 &1961045076
Transform:
  m_ObjectHideFlags: 0
  m_CorrespondingSourceObject: {fileID: 0}
  m_PrefabInstance: {fileID: 0}
  m_PrefabAsset: {fileID: 0}
  m_GameObject: {fileID: 1961045075}
  m_LocalRotation: {x: -0, y: -0, z: -0, w: 1}
  m_LocalPosition: {x: 0, y: 0, z: 0}
  m_LocalScale: {x: 1, y: 1, z: 1}
  m_Children: []
  m_Father: {fileID: 1083981582}
  m_RootOrder: 1
  m_LocalEulerAnglesHint: {x: 0, y: 0, z: 0}
--- !u!251 &1961045077
PlatformEffector2D:
  m_ObjectHideFlags: 0
  m_CorrespondingSourceObject: {fileID: 0}
  m_PrefabInstance: {fileID: 0}
  m_PrefabAsset: {fileID: 0}
  m_GameObject: {fileID: 1961045075}
  m_Enabled: 1
  m_UseColliderMask: 1
  m_ColliderMask:
    serializedVersion: 2
    m_Bits: 4294967295
  m_RotationalOffset: 0
  m_UseOneWay: 1
  m_UseOneWayGrouping: 0
  m_SurfaceArc: 180
  m_UseSideFriction: 0
  m_UseSideBounce: 0
  m_SideArc: 1
--- !u!19719996 &1961045078
TilemapCollider2D:
  m_ObjectHideFlags: 0
  m_CorrespondingSourceObject: {fileID: 0}
  m_PrefabInstance: {fileID: 0}
  m_PrefabAsset: {fileID: 0}
  m_GameObject: {fileID: 1961045075}
  m_Enabled: 1
  m_Density: 1
  m_Material: {fileID: 0}
  m_IsTrigger: 0
  m_UsedByEffector: 0
  m_UsedByComposite: 1
  m_Offset: {x: 0, y: 0}
  m_MaximumTileChangeCount: 1000
  m_ExtrusionFactor: 0.00001
--- !u!483693784 &1961045079
TilemapRenderer:
  m_ObjectHideFlags: 0
  m_CorrespondingSourceObject: {fileID: 0}
  m_PrefabInstance: {fileID: 0}
  m_PrefabAsset: {fileID: 0}
  m_GameObject: {fileID: 1961045075}
  m_Enabled: 1
  m_CastShadows: 0
  m_ReceiveShadows: 0
  m_DynamicOccludee: 1
  m_MotionVectors: 1
  m_LightProbeUsage: 0
  m_ReflectionProbeUsage: 0
  m_RayTracingMode: 0
  m_RayTraceProcedural: 0
  m_RenderingLayerMask: 1
  m_RendererPriority: 0
  m_Materials:
  - {fileID: 10754, guid: 0000000000000000f000000000000000, type: 0}
  m_StaticBatchInfo:
    firstSubMesh: 0
    subMeshCount: 0
  m_StaticBatchRoot: {fileID: 0}
  m_ProbeAnchor: {fileID: 0}
  m_LightProbeVolumeOverride: {fileID: 0}
  m_ScaleInLightmap: 1
  m_ReceiveGI: 1
  m_PreserveUVs: 0
  m_IgnoreNormalsForChartDetection: 0
  m_ImportantGI: 0
  m_StitchLightmapSeams: 1
  m_SelectedEditorRenderState: 0
  m_MinimumChartSize: 4
  m_AutoUVMaxDistance: 0.5
  m_AutoUVMaxAngle: 89
  m_LightmapParameters: {fileID: 0}
  m_SortingLayerID: 0
  m_SortingLayer: 0
  m_SortingOrder: 0
  m_ChunkSize: {x: 32, y: 32, z: 32}
  m_ChunkCullingBounds: {x: 0.78, y: 0.78, z: 0}
  m_MaxChunkCount: 16
  m_MaxFrameAge: 16
  m_SortOrder: 0
  m_Mode: 0
  m_DetectChunkCullingBounds: 0
  m_MaskInteraction: 0
--- !u!1839735485 &1961045080
Tilemap:
  m_ObjectHideFlags: 0
  m_CorrespondingSourceObject: {fileID: 0}
  m_PrefabInstance: {fileID: 0}
  m_PrefabAsset: {fileID: 0}
  m_GameObject: {fileID: 1961045075}
  m_Enabled: 1
  m_Tiles:
  - first: {x: 15, y: -6, z: 0}
    second:
      serializedVersion: 2
      m_TileIndex: 0
      m_TileSpriteIndex: 0
      m_TileMatrixIndex: 0
      m_TileColorIndex: 0
      m_TileObjectToInstantiateIndex: 65535
      dummyAlignment: 0
      m_AllTileFlags: 1073741825
  - first: {x: 17, y: -6, z: 0}
    second:
      serializedVersion: 2
      m_TileIndex: 0
      m_TileSpriteIndex: 0
      m_TileMatrixIndex: 0
      m_TileColorIndex: 0
      m_TileObjectToInstantiateIndex: 65535
      dummyAlignment: 0
      m_AllTileFlags: 1073741825
  - first: {x: 19, y: -6, z: 0}
    second:
      serializedVersion: 2
      m_TileIndex: 0
      m_TileSpriteIndex: 0
      m_TileMatrixIndex: 0
      m_TileColorIndex: 0
      m_TileObjectToInstantiateIndex: 65535
      dummyAlignment: 0
      m_AllTileFlags: 1073741825
  - first: {x: 21, y: -6, z: 0}
    second:
      serializedVersion: 2
      m_TileIndex: 0
      m_TileSpriteIndex: 0
      m_TileMatrixIndex: 0
      m_TileColorIndex: 0
      m_TileObjectToInstantiateIndex: 65535
      dummyAlignment: 0
      m_AllTileFlags: 1073741825
  - first: {x: 23, y: -6, z: 0}
    second:
      serializedVersion: 2
      m_TileIndex: 0
      m_TileSpriteIndex: 0
      m_TileMatrixIndex: 0
      m_TileColorIndex: 0
      m_TileObjectToInstantiateIndex: 65535
      dummyAlignment: 0
      m_AllTileFlags: 1073741825
  - first: {x: -12, y: -4, z: 0}
    second:
      serializedVersion: 2
      m_TileIndex: 0
      m_TileSpriteIndex: 0
      m_TileMatrixIndex: 0
      m_TileColorIndex: 0
      m_TileObjectToInstantiateIndex: 65535
      dummyAlignment: 0
      m_AllTileFlags: 1073741825
  - first: {x: -10, y: -4, z: 0}
    second:
      serializedVersion: 2
      m_TileIndex: 0
      m_TileSpriteIndex: 0
      m_TileMatrixIndex: 0
      m_TileColorIndex: 0
      m_TileObjectToInstantiateIndex: 65535
      dummyAlignment: 0
      m_AllTileFlags: 1073741825
  - first: {x: -8, y: -4, z: 0}
    second:
      serializedVersion: 2
      m_TileIndex: 0
      m_TileSpriteIndex: 0
      m_TileMatrixIndex: 0
      m_TileColorIndex: 0
      m_TileObjectToInstantiateIndex: 65535
      dummyAlignment: 0
      m_AllTileFlags: 1073741825
  - first: {x: -6, y: -4, z: 0}
    second:
      serializedVersion: 2
      m_TileIndex: 0
      m_TileSpriteIndex: 0
      m_TileMatrixIndex: 0
      m_TileColorIndex: 0
      m_TileObjectToInstantiateIndex: 65535
      dummyAlignment: 0
      m_AllTileFlags: 1073741825
  - first: {x: -4, y: -4, z: 0}
    second:
      serializedVersion: 2
      m_TileIndex: 0
      m_TileSpriteIndex: 0
      m_TileMatrixIndex: 0
      m_TileColorIndex: 0
      m_TileObjectToInstantiateIndex: 65535
      dummyAlignment: 0
      m_AllTileFlags: 1073741825
  - first: {x: 27, y: -2, z: 0}
    second:
      serializedVersion: 2
      m_TileIndex: 0
      m_TileSpriteIndex: 0
      m_TileMatrixIndex: 0
      m_TileColorIndex: 0
      m_TileObjectToInstantiateIndex: 65535
      dummyAlignment: 0
      m_AllTileFlags: 1073741825
  - first: {x: 29, y: -2, z: 0}
    second:
      serializedVersion: 2
      m_TileIndex: 0
      m_TileSpriteIndex: 0
      m_TileMatrixIndex: 0
      m_TileColorIndex: 0
      m_TileObjectToInstantiateIndex: 65535
      dummyAlignment: 0
      m_AllTileFlags: 1073741825
  - first: {x: 31, y: -2, z: 0}
    second:
      serializedVersion: 2
      m_TileIndex: 0
      m_TileSpriteIndex: 0
      m_TileMatrixIndex: 0
      m_TileColorIndex: 0
      m_TileObjectToInstantiateIndex: 65535
      dummyAlignment: 0
      m_AllTileFlags: 1073741825
  - first: {x: 33, y: -2, z: 0}
    second:
      serializedVersion: 2
      m_TileIndex: 0
      m_TileSpriteIndex: 0
      m_TileMatrixIndex: 0
      m_TileColorIndex: 0
      m_TileObjectToInstantiateIndex: 65535
      dummyAlignment: 0
      m_AllTileFlags: 1073741825
  - first: {x: 35, y: -2, z: 0}
    second:
      serializedVersion: 2
      m_TileIndex: 0
      m_TileSpriteIndex: 0
      m_TileMatrixIndex: 0
      m_TileColorIndex: 0
      m_TileObjectToInstantiateIndex: 65535
      dummyAlignment: 0
      m_AllTileFlags: 1073741825
  - first: {x: 1, y: 2, z: 0}
    second:
      serializedVersion: 2
      m_TileIndex: 0
      m_TileSpriteIndex: 0
      m_TileMatrixIndex: 0
      m_TileColorIndex: 0
      m_TileObjectToInstantiateIndex: 65535
      dummyAlignment: 0
      m_AllTileFlags: 1073741825
  - first: {x: 3, y: 2, z: 0}
    second:
      serializedVersion: 2
      m_TileIndex: 0
      m_TileSpriteIndex: 0
      m_TileMatrixIndex: 0
      m_TileColorIndex: 0
      m_TileObjectToInstantiateIndex: 65535
      dummyAlignment: 0
      m_AllTileFlags: 1073741825
  - first: {x: 5, y: 2, z: 0}
    second:
      serializedVersion: 2
      m_TileIndex: 0
      m_TileSpriteIndex: 0
      m_TileMatrixIndex: 0
      m_TileColorIndex: 0
      m_TileObjectToInstantiateIndex: 65535
      dummyAlignment: 0
      m_AllTileFlags: 1073741825
  - first: {x: 7, y: 2, z: 0}
    second:
      serializedVersion: 2
      m_TileIndex: 0
      m_TileSpriteIndex: 0
      m_TileMatrixIndex: 0
      m_TileColorIndex: 0
      m_TileObjectToInstantiateIndex: 65535
      dummyAlignment: 0
      m_AllTileFlags: 1073741825
  - first: {x: 9, y: 2, z: 0}
    second:
      serializedVersion: 2
      m_TileIndex: 0
      m_TileSpriteIndex: 0
      m_TileMatrixIndex: 0
      m_TileColorIndex: 0
      m_TileObjectToInstantiateIndex: 65535
      dummyAlignment: 0
      m_AllTileFlags: 1073741825
  - first: {x: 11, y: 2, z: 0}
    second:
      serializedVersion: 2
      m_TileIndex: 0
      m_TileSpriteIndex: 0
      m_TileMatrixIndex: 0
      m_TileColorIndex: 0
      m_TileObjectToInstantiateIndex: 65535
      dummyAlignment: 0
      m_AllTileFlags: 1073741825
  - first: {x: 19, y: 10, z: 0}
    second:
      serializedVersion: 2
      m_TileIndex: 0
      m_TileSpriteIndex: 0
      m_TileMatrixIndex: 0
      m_TileColorIndex: 0
      m_TileObjectToInstantiateIndex: 65535
      dummyAlignment: 0
      m_AllTileFlags: 1073741825
  - first: {x: 21, y: 10, z: 0}
    second:
      serializedVersion: 2
      m_TileIndex: 0
      m_TileSpriteIndex: 0
      m_TileMatrixIndex: 0
      m_TileColorIndex: 0
      m_TileObjectToInstantiateIndex: 65535
      dummyAlignment: 0
      m_AllTileFlags: 1073741825
  - first: {x: 23, y: 10, z: 0}
    second:
      serializedVersion: 2
      m_TileIndex: 0
      m_TileSpriteIndex: 0
      m_TileMatrixIndex: 0
      m_TileColorIndex: 0
      m_TileObjectToInstantiateIndex: 65535
      dummyAlignment: 0
      m_AllTileFlags: 1073741825
  - first: {x: 25, y: 10, z: 0}
    second:
      serializedVersion: 2
      m_TileIndex: 0
      m_TileSpriteIndex: 0
      m_TileMatrixIndex: 0
      m_TileColorIndex: 0
      m_TileObjectToInstantiateIndex: 65535
      dummyAlignment: 0
      m_AllTileFlags: 1073741825
  - first: {x: 27, y: 10, z: 0}
    second:
      serializedVersion: 2
      m_TileIndex: 0
      m_TileSpriteIndex: 0
      m_TileMatrixIndex: 0
      m_TileColorIndex: 0
      m_TileObjectToInstantiateIndex: 65535
      dummyAlignment: 0
      m_AllTileFlags: 1073741825
  - first: {x: 29, y: 10, z: 0}
    second:
      serializedVersion: 2
      m_TileIndex: 0
      m_TileSpriteIndex: 0
      m_TileMatrixIndex: 0
      m_TileColorIndex: 0
      m_TileObjectToInstantiateIndex: 65535
      dummyAlignment: 0
      m_AllTileFlags: 1073741825
  m_AnimatedTiles: {}
  m_TileAssetArray:
  - m_RefCount: 27
    m_Data: {fileID: 11400000, guid: 89b7d080a88b0fb429e4d5b991b48faf, type: 2}
  m_TileSpriteArray:
  - m_RefCount: 27
    m_Data: {fileID: 21300000, guid: 167aade0c5e02e94b8daa97e94ba5f5f, type: 3}
  m_TileMatrixArray:
  - m_RefCount: 27
    m_Data:
      e00: 1
      e01: 0
      e02: 0
      e03: 0
      e10: 0
      e11: 1
      e12: 0
      e13: 0
      e20: 0
      e21: 0
      e22: 1
      e23: 0
      e30: 0
      e31: 0
      e32: 0
      e33: 1
  m_TileColorArray:
  - m_RefCount: 27
    m_Data: {r: 1, g: 1, b: 1, a: 1}
  m_TileObjectToInstantiateArray: []
  m_AnimationFrameRate: 1
  m_Color: {r: 1, g: 1, b: 1, a: 1}
  m_Origin: {x: -12, y: -6, z: 0}
  m_Size: {x: 48, y: 17, z: 1}
  m_TileAnchor: {x: 0.5, y: 0.5, z: 0}
  m_TileOrientation: 0
  m_TileOrientationMatrix:
    e00: 1
    e01: 0
    e02: 0
    e03: 0
    e10: 0
    e11: 1
    e12: 0
    e13: 0
    e20: 0
    e21: 0
    e22: 1
    e23: 0
    e30: 0
    e31: 0
    e32: 0
    e33: 1
--- !u!66 &1961045081
CompositeCollider2D:
  m_ObjectHideFlags: 0
  m_CorrespondingSourceObject: {fileID: 0}
  m_PrefabInstance: {fileID: 0}
  m_PrefabAsset: {fileID: 0}
  m_GameObject: {fileID: 1961045075}
  m_Enabled: 1
  m_Density: 1
  m_Material: {fileID: 0}
  m_IsTrigger: 0
  m_UsedByEffector: 1
  m_UsedByComposite: 0
  m_Offset: {x: 0, y: 0}
  m_GeometryType: 0
  m_GenerationType: 0
  m_EdgeRadius: 0
  m_ColliderPaths:
  - m_Collider: {fileID: 1961045078}
    m_ColliderPaths:
    - - X: 307800000
        Y: 117800000
      - X: 183100000
        Y: 117800000
      - X: 182200000
        Y: 116899992
      - X: 182200000
        Y: 112600000
      - X: 183200000
        Y: 111600000
      - X: 183100000
        Y: 107200000
      - X: 183100000
        Y: 105000000
      - X: 183300000
        Y: 104799992
      - X: 307800000
        Y: 104799992
    - - X: 127800000
        Y: 37800000
      - X: 3100000
        Y: 37800000
      - X: 2200000
        Y: 36900000
      - X: 2200000
        Y: 32600000
      - X: 3200000
        Y: 31599998
      - X: 3100000
        Y: 27200000
      - X: 3100000
        Y: 25000000
      - X: 3300000
        Y: 24800000
      - X: 127800000
        Y: 24800000
    - - X: 367800000
        Y: -2200000
      - X: 263100000
        Y: -2200000
      - X: 262200000
        Y: -3100000
      - X: 262200000
        Y: -7400000
      - X: 263200000
        Y: -8400000
      - X: 263100000
        Y: -12800000
      - X: 263100000
        Y: -15000000
      - X: 263300000
        Y: -15200000
      - X: 367800000
        Y: -15200000
    - - X: -22200000
        Y: -22200000
      - X: -126899992
        Y: -22200000
      - X: -127800000
        Y: -23100000
      - X: -127800000
        Y: -27400000
      - X: -126800000
        Y: -28400002
      - X: -126899992
        Y: -32800000
      - X: -126899992
        Y: -35000000
      - X: -126700000
        Y: -35200000
      - X: -22200000
        Y: -35200000
    - - X: 247800000
        Y: -42200004
      - X: 143100000
        Y: -42200004
      - X: 142200000
        Y: -43100000
      - X: 142200000
        Y: -47399996
      - X: 143200000
        Y: -48400000
      - X: 143100000
        Y: -52800004
      - X: 143100000
        Y: -55000000
      - X: 143300000
        Y: -55200000
      - X: 247800000
        Y: -55200000
  m_CompositePaths:
    m_Paths:
    - - {x: 30.779972, y: 10.48}
      - {x: 30.779972, y: 11.78}
      - {x: 18.309992, y: 11.779992}
      - {x: 18.22, y: 11.689989}
      - {x: 18.220009, y: 11.259993}
      - {x: 18.32, y: 11.159989}
      - {x: 18.31, y: 10.719999}
      - {x: 18.310009, y: 10.499992}
      - {x: 18.330011, y: 10.48}
    - - {x: 12.77997, y: 2.48}
      - {x: 12.77997, y: 3.78}
      - {x: 0.3099924, y: 3.7799923}
      - {x: 0.22, y: 3.6899893}
      - {x: 0.2200076, y: 3.2599924}
      - {x: 0.3199997, y: 3.1599889}
      - {x: 0.31, y: 2.7199996}
      - {x: 0.3100076, y: 2.4999924}
      - {x: 0.3300108, y: 2.48}
    - - {x: 36.779972, y: -1.52}
      - {x: 36.779972, y: -0.22}
      - {x: 26.309992, y: -0.2200076}
      - {x: 26.220001, y: -0.3100108}
      - {x: 26.220009, y: -0.7400076}
      - {x: 26.32, y: -0.8400111}
      - {x: 26.31, y: -1.2800006}
      - {x: 26.310009, y: -1.5000076}
      - {x: 26.330011, y: -1.52}
    - - {x: -2.220029, y: -3.52}
      - {x: -2.220029, y: -2.22}
      - {x: -12.690006, y: -2.2200077}
      - {x: -12.78, y: -2.310011}
      - {x: -12.779992, y: -2.7400076}
      - {x: -12.68, y: -2.8400111}
      - {x: -12.69, y: -3.2800004}
      - {x: -12.689992, y: -3.5000076}
      - {x: -12.669989, y: -3.52}
    - - {x: 24.779972, y: -5.52}
      - {x: 24.779972, y: -4.2200003}
      - {x: 14.309992, y: -4.220008}
      - {x: 14.22, y: -4.310011}
      - {x: 14.220008, y: -4.7400074}
      - {x: 14.32, y: -4.840011}
      - {x: 14.31, y: -5.2800007}
      - {x: 14.310008, y: -5.5000076}
      - {x: 14.330011, y: -5.52}
  m_VertexDistance: 0.0005
  m_OffsetDistance: 0.00005
--- !u!50 &1961045082
Rigidbody2D:
  serializedVersion: 4
  m_ObjectHideFlags: 0
  m_CorrespondingSourceObject: {fileID: 0}
  m_PrefabInstance: {fileID: 0}
  m_PrefabAsset: {fileID: 0}
  m_GameObject: {fileID: 1961045075}
  m_BodyType: 2
  m_Simulated: 1
  m_UseFullKinematicContacts: 0
  m_UseAutoMass: 0
  m_Mass: 1
  m_LinearDrag: 0
  m_AngularDrag: 0.05
  m_GravityScale: 1
  m_Material: {fileID: 0}
  m_Interpolate: 0
  m_SleepingMode: 1
  m_CollisionDetection: 0
  m_Constraints: 0
--- !u!1 &2052959844
GameObject:
  m_ObjectHideFlags: 0
  m_CorrespondingSourceObject: {fileID: 0}
  m_PrefabInstance: {fileID: 0}
  m_PrefabAsset: {fileID: 0}
  serializedVersion: 6
  m_Component:
  - component: {fileID: 2052959845}
  - component: {fileID: 2052959847}
  - component: {fileID: 2052959846}
  - component: {fileID: 2052959848}
  - component: {fileID: 2052959850}
  - component: {fileID: 2052959849}
  m_Layer: 0
  m_Name: Mundo
  m_TagString: Untagged
  m_Icon: {fileID: 0}
  m_NavMeshLayer: 0
  m_StaticEditorFlags: 0
  m_IsActive: 1
--- !u!4 &2052959845
Transform:
  m_ObjectHideFlags: 0
  m_CorrespondingSourceObject: {fileID: 0}
  m_PrefabInstance: {fileID: 0}
  m_PrefabAsset: {fileID: 0}
  m_GameObject: {fileID: 2052959844}
  m_LocalRotation: {x: -0, y: -0, z: -0, w: 1}
  m_LocalPosition: {x: -0.1, y: 6.8, z: 0}
  m_LocalScale: {x: 1.151, y: 1.3473, z: 1}
  m_Children: []
  m_Father: {fileID: 1083981582}
  m_RootOrder: 0
  m_LocalEulerAnglesHint: {x: 0, y: 0, z: 0}
--- !u!483693784 &2052959846
TilemapRenderer:
  m_ObjectHideFlags: 0
  m_CorrespondingSourceObject: {fileID: 0}
  m_PrefabInstance: {fileID: 0}
  m_PrefabAsset: {fileID: 0}
  m_GameObject: {fileID: 2052959844}
  m_Enabled: 1
  m_CastShadows: 0
  m_ReceiveShadows: 0
  m_DynamicOccludee: 1
  m_MotionVectors: 1
  m_LightProbeUsage: 0
  m_ReflectionProbeUsage: 0
  m_RayTracingMode: 0
  m_RayTraceProcedural: 0
  m_RenderingLayerMask: 1
  m_RendererPriority: 0
  m_Materials:
  - {fileID: 10754, guid: 0000000000000000f000000000000000, type: 0}
  m_StaticBatchInfo:
    firstSubMesh: 0
    subMeshCount: 0
  m_StaticBatchRoot: {fileID: 0}
  m_ProbeAnchor: {fileID: 0}
  m_LightProbeVolumeOverride: {fileID: 0}
  m_ScaleInLightmap: 1
  m_ReceiveGI: 1
  m_PreserveUVs: 0
  m_IgnoreNormalsForChartDetection: 0
  m_ImportantGI: 0
  m_StitchLightmapSeams: 1
  m_SelectedEditorRenderState: 0
  m_MinimumChartSize: 4
  m_AutoUVMaxDistance: 0.5
  m_AutoUVMaxAngle: 89
  m_LightmapParameters: {fileID: 0}
  m_SortingLayerID: 0
  m_SortingLayer: 0
  m_SortingOrder: 0
  m_ChunkSize: {x: 32, y: 32, z: 32}
  m_ChunkCullingBounds: {x: 0.78, y: 0.78, z: 0}
  m_MaxChunkCount: 16
  m_MaxFrameAge: 16
  m_SortOrder: 0
  m_Mode: 0
  m_DetectChunkCullingBounds: 0
  m_MaskInteraction: 0
--- !u!1839735485 &2052959847
Tilemap:
  m_ObjectHideFlags: 0
  m_CorrespondingSourceObject: {fileID: 0}
  m_PrefabInstance: {fileID: 0}
  m_PrefabAsset: {fileID: 0}
  m_GameObject: {fileID: 2052959844}
  m_Enabled: 1
  m_Tiles:
  - first: {x: -43, y: -20, z: 0}
    second:
      serializedVersion: 2
      m_TileIndex: 4
      m_TileSpriteIndex: 4
      m_TileMatrixIndex: 0
      m_TileColorIndex: 0
      m_TileObjectToInstantiateIndex: 65535
      dummyAlignment: 0
      m_AllTileFlags: 1073741825
  - first: {x: -41, y: -20, z: 0}
    second:
      serializedVersion: 2
      m_TileIndex: 4
      m_TileSpriteIndex: 4
      m_TileMatrixIndex: 0
      m_TileColorIndex: 0
      m_TileObjectToInstantiateIndex: 65535
      dummyAlignment: 0
      m_AllTileFlags: 1073741825
  - first: {x: -39, y: -20, z: 0}
    second:
      serializedVersion: 2
      m_TileIndex: 4
      m_TileSpriteIndex: 4
      m_TileMatrixIndex: 0
      m_TileColorIndex: 0
      m_TileObjectToInstantiateIndex: 65535
      dummyAlignment: 0
      m_AllTileFlags: 1073741825
  - first: {x: -37, y: -20, z: 0}
    second:
      serializedVersion: 2
      m_TileIndex: 4
      m_TileSpriteIndex: 4
      m_TileMatrixIndex: 0
      m_TileColorIndex: 0
      m_TileObjectToInstantiateIndex: 65535
      dummyAlignment: 0
      m_AllTileFlags: 1073741825
  - first: {x: -26, y: -20, z: 0}
    second:
      serializedVersion: 2
      m_TileIndex: 2
      m_TileSpriteIndex: 2
      m_TileMatrixIndex: 0
      m_TileColorIndex: 0
      m_TileObjectToInstantiateIndex: 65535
      dummyAlignment: 0
      m_AllTileFlags: 1073741825
  - first: {x: -24, y: -20, z: 0}
    second:
      serializedVersion: 2
      m_TileIndex: 2
      m_TileSpriteIndex: 2
      m_TileMatrixIndex: 0
      m_TileColorIndex: 0
      m_TileObjectToInstantiateIndex: 65535
      dummyAlignment: 0
      m_AllTileFlags: 1073741825
  - first: {x: -22, y: -20, z: 0}
    second:
      serializedVersion: 2
      m_TileIndex: 2
      m_TileSpriteIndex: 2
      m_TileMatrixIndex: 0
      m_TileColorIndex: 0
      m_TileObjectToInstantiateIndex: 65535
      dummyAlignment: 0
      m_AllTileFlags: 1073741825
  - first: {x: -20, y: -20, z: 0}
    second:
      serializedVersion: 2
      m_TileIndex: 2
      m_TileSpriteIndex: 2
      m_TileMatrixIndex: 0
      m_TileColorIndex: 0
      m_TileObjectToInstantiateIndex: 65535
      dummyAlignment: 0
      m_AllTileFlags: 1073741825
  - first: {x: -18, y: -20, z: 0}
    second:
      serializedVersion: 2
      m_TileIndex: 2
      m_TileSpriteIndex: 2
      m_TileMatrixIndex: 0
      m_TileColorIndex: 0
      m_TileObjectToInstantiateIndex: 65535
      dummyAlignment: 0
      m_AllTileFlags: 1073741825
  - first: {x: -16, y: -20, z: 0}
    second:
      serializedVersion: 2
      m_TileIndex: 2
      m_TileSpriteIndex: 2
      m_TileMatrixIndex: 0
      m_TileColorIndex: 0
      m_TileObjectToInstantiateIndex: 65535
      dummyAlignment: 0
      m_AllTileFlags: 1073741825
  - first: {x: 31, y: -20, z: 0}
    second:
      serializedVersion: 2
      m_TileIndex: 4
      m_TileSpriteIndex: 4
      m_TileMatrixIndex: 0
      m_TileColorIndex: 0
      m_TileObjectToInstantiateIndex: 65535
      dummyAlignment: 0
      m_AllTileFlags: 1073741825
  - first: {x: 33, y: -20, z: 0}
    second:
      serializedVersion: 2
      m_TileIndex: 4
      m_TileSpriteIndex: 4
      m_TileMatrixIndex: 0
      m_TileColorIndex: 0
      m_TileObjectToInstantiateIndex: 65535
      dummyAlignment: 0
      m_AllTileFlags: 1073741825
  - first: {x: 35, y: -20, z: 0}
    second:
      serializedVersion: 2
      m_TileIndex: 4
      m_TileSpriteIndex: 4
      m_TileMatrixIndex: 0
      m_TileColorIndex: 0
      m_TileObjectToInstantiateIndex: 65535
      dummyAlignment: 0
      m_AllTileFlags: 1073741825
  - first: {x: 37, y: -20, z: 0}
    second:
      serializedVersion: 2
      m_TileIndex: 4
      m_TileSpriteIndex: 4
      m_TileMatrixIndex: 0
      m_TileColorIndex: 0
      m_TileObjectToInstantiateIndex: 65535
      dummyAlignment: 0
      m_AllTileFlags: 1073741825
  - first: {x: 39, y: -20, z: 0}
    second:
      serializedVersion: 2
      m_TileIndex: 4
      m_TileSpriteIndex: 4
      m_TileMatrixIndex: 0
      m_TileColorIndex: 0
      m_TileObjectToInstantiateIndex: 65535
      dummyAlignment: 0
      m_AllTileFlags: 1073741825
  - first: {x: 41, y: -20, z: 0}
    second:
      serializedVersion: 2
      m_TileIndex: 4
      m_TileSpriteIndex: 4
      m_TileMatrixIndex: 0
      m_TileColorIndex: 0
      m_TileObjectToInstantiateIndex: 65535
      dummyAlignment: 0
      m_AllTileFlags: 1073741825
  - first: {x: -43, y: -18, z: 0}
    second:
      serializedVersion: 2
      m_TileIndex: 4
      m_TileSpriteIndex: 4
      m_TileMatrixIndex: 0
      m_TileColorIndex: 0
      m_TileObjectToInstantiateIndex: 65535
      dummyAlignment: 0
      m_AllTileFlags: 1073741825
  - first: {x: -41, y: -18, z: 0}
    second:
      serializedVersion: 2
      m_TileIndex: 4
      m_TileSpriteIndex: 4
      m_TileMatrixIndex: 0
      m_TileColorIndex: 0
      m_TileObjectToInstantiateIndex: 65535
      dummyAlignment: 0
      m_AllTileFlags: 1073741825
  - first: {x: -39, y: -18, z: 0}
    second:
      serializedVersion: 2
      m_TileIndex: 4
      m_TileSpriteIndex: 4
      m_TileMatrixIndex: 0
      m_TileColorIndex: 0
      m_TileObjectToInstantiateIndex: 65535
      dummyAlignment: 0
      m_AllTileFlags: 1073741825
  - first: {x: -37, y: -18, z: 0}
    second:
      serializedVersion: 2
      m_TileIndex: 4
      m_TileSpriteIndex: 4
      m_TileMatrixIndex: 0
      m_TileColorIndex: 0
      m_TileObjectToInstantiateIndex: 65535
      dummyAlignment: 0
      m_AllTileFlags: 1073741825
  - first: {x: -26, y: -18, z: 0}
    second:
      serializedVersion: 2
      m_TileIndex: 2
      m_TileSpriteIndex: 2
      m_TileMatrixIndex: 0
      m_TileColorIndex: 0
      m_TileObjectToInstantiateIndex: 65535
      dummyAlignment: 0
      m_AllTileFlags: 1073741825
  - first: {x: -24, y: -18, z: 0}
    second:
      serializedVersion: 2
      m_TileIndex: 2
      m_TileSpriteIndex: 2
      m_TileMatrixIndex: 0
      m_TileColorIndex: 0
      m_TileObjectToInstantiateIndex: 65535
      dummyAlignment: 0
      m_AllTileFlags: 1073741825
  - first: {x: -22, y: -18, z: 0}
    second:
      serializedVersion: 2
      m_TileIndex: 2
      m_TileSpriteIndex: 2
      m_TileMatrixIndex: 0
      m_TileColorIndex: 0
      m_TileObjectToInstantiateIndex: 65535
      dummyAlignment: 0
      m_AllTileFlags: 1073741825
  - first: {x: -20, y: -18, z: 0}
    second:
      serializedVersion: 2
      m_TileIndex: 2
      m_TileSpriteIndex: 2
      m_TileMatrixIndex: 0
      m_TileColorIndex: 0
      m_TileObjectToInstantiateIndex: 65535
      dummyAlignment: 0
      m_AllTileFlags: 1073741825
  - first: {x: -18, y: -18, z: 0}
    second:
      serializedVersion: 2
      m_TileIndex: 2
      m_TileSpriteIndex: 2
      m_TileMatrixIndex: 0
      m_TileColorIndex: 0
      m_TileObjectToInstantiateIndex: 65535
      dummyAlignment: 0
      m_AllTileFlags: 1073741825
  - first: {x: -16, y: -18, z: 0}
    second:
      serializedVersion: 2
      m_TileIndex: 2
      m_TileSpriteIndex: 2
      m_TileMatrixIndex: 0
      m_TileColorIndex: 0
      m_TileObjectToInstantiateIndex: 65535
      dummyAlignment: 0
      m_AllTileFlags: 1073741825
  - first: {x: 31, y: -18, z: 0}
    second:
      serializedVersion: 2
      m_TileIndex: 4
      m_TileSpriteIndex: 4
      m_TileMatrixIndex: 0
      m_TileColorIndex: 0
      m_TileObjectToInstantiateIndex: 65535
      dummyAlignment: 0
      m_AllTileFlags: 1073741825
  - first: {x: 33, y: -18, z: 0}
    second:
      serializedVersion: 2
      m_TileIndex: 4
      m_TileSpriteIndex: 4
      m_TileMatrixIndex: 0
      m_TileColorIndex: 0
      m_TileObjectToInstantiateIndex: 65535
      dummyAlignment: 0
      m_AllTileFlags: 1073741825
  - first: {x: 35, y: -18, z: 0}
    second:
      serializedVersion: 2
      m_TileIndex: 4
      m_TileSpriteIndex: 4
      m_TileMatrixIndex: 0
      m_TileColorIndex: 0
      m_TileObjectToInstantiateIndex: 65535
      dummyAlignment: 0
      m_AllTileFlags: 1073741825
  - first: {x: 37, y: -18, z: 0}
    second:
      serializedVersion: 2
      m_TileIndex: 4
      m_TileSpriteIndex: 4
      m_TileMatrixIndex: 0
      m_TileColorIndex: 0
      m_TileObjectToInstantiateIndex: 65535
      dummyAlignment: 0
      m_AllTileFlags: 1073741825
  - first: {x: 39, y: -18, z: 0}
    second:
      serializedVersion: 2
      m_TileIndex: 4
      m_TileSpriteIndex: 4
      m_TileMatrixIndex: 0
      m_TileColorIndex: 0
      m_TileObjectToInstantiateIndex: 65535
      dummyAlignment: 0
      m_AllTileFlags: 1073741825
  - first: {x: 41, y: -18, z: 0}
    second:
      serializedVersion: 2
      m_TileIndex: 4
      m_TileSpriteIndex: 4
      m_TileMatrixIndex: 0
      m_TileColorIndex: 0
      m_TileObjectToInstantiateIndex: 65535
      dummyAlignment: 0
      m_AllTileFlags: 1073741825
  - first: {x: -43, y: -16, z: 0}
    second:
      serializedVersion: 2
      m_TileIndex: 4
      m_TileSpriteIndex: 4
      m_TileMatrixIndex: 0
      m_TileColorIndex: 0
      m_TileObjectToInstantiateIndex: 65535
      dummyAlignment: 0
      m_AllTileFlags: 1073741825
  - first: {x: -41, y: -16, z: 0}
    second:
      serializedVersion: 2
      m_TileIndex: 4
      m_TileSpriteIndex: 4
      m_TileMatrixIndex: 0
      m_TileColorIndex: 0
      m_TileObjectToInstantiateIndex: 65535
      dummyAlignment: 0
      m_AllTileFlags: 1073741825
  - first: {x: -39, y: -16, z: 0}
    second:
      serializedVersion: 2
      m_TileIndex: 4
      m_TileSpriteIndex: 4
      m_TileMatrixIndex: 0
      m_TileColorIndex: 0
      m_TileObjectToInstantiateIndex: 65535
      dummyAlignment: 0
      m_AllTileFlags: 1073741825
  - first: {x: -37, y: -16, z: 0}
    second:
      serializedVersion: 2
      m_TileIndex: 4
      m_TileSpriteIndex: 4
      m_TileMatrixIndex: 0
      m_TileColorIndex: 0
      m_TileObjectToInstantiateIndex: 65535
      dummyAlignment: 0
      m_AllTileFlags: 1073741825
  - first: {x: -26, y: -16, z: 0}
    second:
      serializedVersion: 2
      m_TileIndex: 2
      m_TileSpriteIndex: 2
      m_TileMatrixIndex: 0
      m_TileColorIndex: 0
      m_TileObjectToInstantiateIndex: 65535
      dummyAlignment: 0
      m_AllTileFlags: 1073741825
  - first: {x: -24, y: -16, z: 0}
    second:
      serializedVersion: 2
      m_TileIndex: 2
      m_TileSpriteIndex: 2
      m_TileMatrixIndex: 0
      m_TileColorIndex: 0
      m_TileObjectToInstantiateIndex: 65535
      dummyAlignment: 0
      m_AllTileFlags: 1073741825
  - first: {x: -22, y: -16, z: 0}
    second:
      serializedVersion: 2
      m_TileIndex: 2
      m_TileSpriteIndex: 2
      m_TileMatrixIndex: 0
      m_TileColorIndex: 0
      m_TileObjectToInstantiateIndex: 65535
      dummyAlignment: 0
      m_AllTileFlags: 1073741825
  - first: {x: -20, y: -16, z: 0}
    second:
      serializedVersion: 2
      m_TileIndex: 2
      m_TileSpriteIndex: 2
      m_TileMatrixIndex: 0
      m_TileColorIndex: 0
      m_TileObjectToInstantiateIndex: 65535
      dummyAlignment: 0
      m_AllTileFlags: 1073741825
  - first: {x: -18, y: -16, z: 0}
    second:
      serializedVersion: 2
      m_TileIndex: 2
      m_TileSpriteIndex: 2
      m_TileMatrixIndex: 0
      m_TileColorIndex: 0
      m_TileObjectToInstantiateIndex: 65535
      dummyAlignment: 0
      m_AllTileFlags: 1073741825
  - first: {x: -16, y: -16, z: 0}
    second:
      serializedVersion: 2
      m_TileIndex: 2
      m_TileSpriteIndex: 2
      m_TileMatrixIndex: 0
      m_TileColorIndex: 0
      m_TileObjectToInstantiateIndex: 65535
      dummyAlignment: 0
      m_AllTileFlags: 1073741825
  - first: {x: 31, y: -16, z: 0}
    second:
      serializedVersion: 2
      m_TileIndex: 4
      m_TileSpriteIndex: 4
      m_TileMatrixIndex: 0
      m_TileColorIndex: 0
      m_TileObjectToInstantiateIndex: 65535
      dummyAlignment: 0
      m_AllTileFlags: 1073741825
  - first: {x: 33, y: -16, z: 0}
    second:
      serializedVersion: 2
      m_TileIndex: 4
      m_TileSpriteIndex: 4
      m_TileMatrixIndex: 0
      m_TileColorIndex: 0
      m_TileObjectToInstantiateIndex: 65535
      dummyAlignment: 0
      m_AllTileFlags: 1073741825
  - first: {x: 35, y: -16, z: 0}
    second:
      serializedVersion: 2
      m_TileIndex: 4
      m_TileSpriteIndex: 4
      m_TileMatrixIndex: 0
      m_TileColorIndex: 0
      m_TileObjectToInstantiateIndex: 65535
      dummyAlignment: 0
      m_AllTileFlags: 1073741825
  - first: {x: 37, y: -16, z: 0}
    second:
      serializedVersion: 2
      m_TileIndex: 4
      m_TileSpriteIndex: 4
      m_TileMatrixIndex: 0
      m_TileColorIndex: 0
      m_TileObjectToInstantiateIndex: 65535
      dummyAlignment: 0
      m_AllTileFlags: 1073741825
  - first: {x: 39, y: -16, z: 0}
    second:
      serializedVersion: 2
      m_TileIndex: 4
      m_TileSpriteIndex: 4
      m_TileMatrixIndex: 0
      m_TileColorIndex: 0
      m_TileObjectToInstantiateIndex: 65535
      dummyAlignment: 0
      m_AllTileFlags: 1073741825
  - first: {x: 41, y: -16, z: 0}
    second:
      serializedVersion: 2
      m_TileIndex: 4
      m_TileSpriteIndex: 4
      m_TileMatrixIndex: 0
      m_TileColorIndex: 0
      m_TileObjectToInstantiateIndex: 65535
      dummyAlignment: 0
      m_AllTileFlags: 1073741825
  - first: {x: -43, y: -14, z: 0}
    second:
      serializedVersion: 2
      m_TileIndex: 4
      m_TileSpriteIndex: 4
      m_TileMatrixIndex: 0
      m_TileColorIndex: 0
      m_TileObjectToInstantiateIndex: 65535
      dummyAlignment: 0
      m_AllTileFlags: 1073741825
  - first: {x: -41, y: -14, z: 0}
    second:
      serializedVersion: 2
      m_TileIndex: 4
      m_TileSpriteIndex: 4
      m_TileMatrixIndex: 0
      m_TileColorIndex: 0
      m_TileObjectToInstantiateIndex: 65535
      dummyAlignment: 0
      m_AllTileFlags: 1073741825
  - first: {x: -39, y: -14, z: 0}
    second:
      serializedVersion: 2
      m_TileIndex: 4
      m_TileSpriteIndex: 4
      m_TileMatrixIndex: 0
      m_TileColorIndex: 0
      m_TileObjectToInstantiateIndex: 65535
      dummyAlignment: 0
      m_AllTileFlags: 1073741825
  - first: {x: -37, y: -14, z: 0}
    second:
      serializedVersion: 2
      m_TileIndex: 4
      m_TileSpriteIndex: 4
      m_TileMatrixIndex: 0
      m_TileColorIndex: 0
      m_TileObjectToInstantiateIndex: 65535
      dummyAlignment: 0
      m_AllTileFlags: 1073741825
  - first: {x: -26, y: -14, z: 0}
    second:
      serializedVersion: 2
      m_TileIndex: 2
      m_TileSpriteIndex: 2
      m_TileMatrixIndex: 0
      m_TileColorIndex: 0
      m_TileObjectToInstantiateIndex: 65535
      dummyAlignment: 0
      m_AllTileFlags: 1073741825
  - first: {x: -24, y: -14, z: 0}
    second:
      serializedVersion: 2
      m_TileIndex: 2
      m_TileSpriteIndex: 2
      m_TileMatrixIndex: 0
      m_TileColorIndex: 0
      m_TileObjectToInstantiateIndex: 65535
      dummyAlignment: 0
      m_AllTileFlags: 1073741825
  - first: {x: -22, y: -14, z: 0}
    second:
      serializedVersion: 2
      m_TileIndex: 2
      m_TileSpriteIndex: 2
      m_TileMatrixIndex: 0
      m_TileColorIndex: 0
      m_TileObjectToInstantiateIndex: 65535
      dummyAlignment: 0
      m_AllTileFlags: 1073741825
  - first: {x: -20, y: -14, z: 0}
    second:
      serializedVersion: 2
      m_TileIndex: 2
      m_TileSpriteIndex: 2
      m_TileMatrixIndex: 0
      m_TileColorIndex: 0
      m_TileObjectToInstantiateIndex: 65535
      dummyAlignment: 0
      m_AllTileFlags: 1073741825
  - first: {x: -18, y: -14, z: 0}
    second:
      serializedVersion: 2
      m_TileIndex: 2
      m_TileSpriteIndex: 2
      m_TileMatrixIndex: 0
      m_TileColorIndex: 0
      m_TileObjectToInstantiateIndex: 65535
      dummyAlignment: 0
      m_AllTileFlags: 1073741825
  - first: {x: -16, y: -14, z: 0}
    second:
      serializedVersion: 2
      m_TileIndex: 2
      m_TileSpriteIndex: 2
      m_TileMatrixIndex: 0
      m_TileColorIndex: 0
      m_TileObjectToInstantiateIndex: 65535
      dummyAlignment: 0
      m_AllTileFlags: 1073741825
  - first: {x: 31, y: -14, z: 0}
    second:
      serializedVersion: 2
      m_TileIndex: 4
      m_TileSpriteIndex: 4
      m_TileMatrixIndex: 0
      m_TileColorIndex: 0
      m_TileObjectToInstantiateIndex: 65535
      dummyAlignment: 0
      m_AllTileFlags: 1073741825
  - first: {x: 33, y: -14, z: 0}
    second:
      serializedVersion: 2
      m_TileIndex: 4
      m_TileSpriteIndex: 4
      m_TileMatrixIndex: 0
      m_TileColorIndex: 0
      m_TileObjectToInstantiateIndex: 65535
      dummyAlignment: 0
      m_AllTileFlags: 1073741825
  - first: {x: 35, y: -14, z: 0}
    second:
      serializedVersion: 2
      m_TileIndex: 4
      m_TileSpriteIndex: 4
      m_TileMatrixIndex: 0
      m_TileColorIndex: 0
      m_TileObjectToInstantiateIndex: 65535
      dummyAlignment: 0
      m_AllTileFlags: 1073741825
  - first: {x: 37, y: -14, z: 0}
    second:
      serializedVersion: 2
      m_TileIndex: 4
      m_TileSpriteIndex: 4
      m_TileMatrixIndex: 0
      m_TileColorIndex: 0
      m_TileObjectToInstantiateIndex: 65535
      dummyAlignment: 0
      m_AllTileFlags: 1073741825
  - first: {x: 39, y: -14, z: 0}
    second:
      serializedVersion: 2
      m_TileIndex: 4
      m_TileSpriteIndex: 4
      m_TileMatrixIndex: 0
      m_TileColorIndex: 0
      m_TileObjectToInstantiateIndex: 65535
      dummyAlignment: 0
      m_AllTileFlags: 1073741825
  - first: {x: 41, y: -14, z: 0}
    second:
      serializedVersion: 2
      m_TileIndex: 4
      m_TileSpriteIndex: 4
      m_TileMatrixIndex: 0
      m_TileColorIndex: 0
      m_TileObjectToInstantiateIndex: 65535
      dummyAlignment: 0
      m_AllTileFlags: 1073741825
  - first: {x: -43, y: -12, z: 0}
    second:
      serializedVersion: 2
      m_TileIndex: 3
      m_TileSpriteIndex: 3
      m_TileMatrixIndex: 0
      m_TileColorIndex: 0
      m_TileObjectToInstantiateIndex: 65535
      dummyAlignment: 0
      m_AllTileFlags: 1073741825
  - first: {x: -41, y: -12, z: 0}
    second:
      serializedVersion: 2
      m_TileIndex: 3
      m_TileSpriteIndex: 3
      m_TileMatrixIndex: 0
      m_TileColorIndex: 0
      m_TileObjectToInstantiateIndex: 65535
      dummyAlignment: 0
      m_AllTileFlags: 1073741825
  - first: {x: -39, y: -12, z: 0}
    second:
      serializedVersion: 2
      m_TileIndex: 3
      m_TileSpriteIndex: 3
      m_TileMatrixIndex: 0
      m_TileColorIndex: 0
      m_TileObjectToInstantiateIndex: 65535
      dummyAlignment: 0
      m_AllTileFlags: 1073741825
  - first: {x: -37, y: -12, z: 0}
    second:
      serializedVersion: 2
      m_TileIndex: 3
      m_TileSpriteIndex: 3
      m_TileMatrixIndex: 0
      m_TileColorIndex: 0
      m_TileObjectToInstantiateIndex: 65535
      dummyAlignment: 0
      m_AllTileFlags: 1073741825
  - first: {x: -26, y: -12, z: 0}
    second:
      serializedVersion: 2
      m_TileIndex: 0
      m_TileSpriteIndex: 0
      m_TileMatrixIndex: 0
      m_TileColorIndex: 0
      m_TileObjectToInstantiateIndex: 65535
      dummyAlignment: 0
      m_AllTileFlags: 1073741825
  - first: {x: -24, y: -12, z: 0}
    second:
      serializedVersion: 2
      m_TileIndex: 0
      m_TileSpriteIndex: 0
      m_TileMatrixIndex: 0
      m_TileColorIndex: 0
      m_TileObjectToInstantiateIndex: 65535
      dummyAlignment: 0
      m_AllTileFlags: 1073741825
  - first: {x: -22, y: -12, z: 0}
    second:
      serializedVersion: 2
      m_TileIndex: 0
      m_TileSpriteIndex: 0
      m_TileMatrixIndex: 0
      m_TileColorIndex: 0
      m_TileObjectToInstantiateIndex: 65535
      dummyAlignment: 0
      m_AllTileFlags: 1073741825
  - first: {x: -20, y: -12, z: 0}
    second:
      serializedVersion: 2
      m_TileIndex: 0
      m_TileSpriteIndex: 0
      m_TileMatrixIndex: 0
      m_TileColorIndex: 0
      m_TileObjectToInstantiateIndex: 65535
      dummyAlignment: 0
      m_AllTileFlags: 1073741825
  - first: {x: -18, y: -12, z: 0}
    second:
      serializedVersion: 2
      m_TileIndex: 0
      m_TileSpriteIndex: 0
      m_TileMatrixIndex: 0
      m_TileColorIndex: 0
      m_TileObjectToInstantiateIndex: 65535
      dummyAlignment: 0
      m_AllTileFlags: 1073741825
  - first: {x: -16, y: -12, z: 0}
    second:
      serializedVersion: 2
      m_TileIndex: 0
      m_TileSpriteIndex: 0
      m_TileMatrixIndex: 0
      m_TileColorIndex: 0
      m_TileObjectToInstantiateIndex: 65535
      dummyAlignment: 0
      m_AllTileFlags: 1073741825
  - first: {x: 31, y: -12, z: 0}
    second:
      serializedVersion: 2
      m_TileIndex: 0
      m_TileSpriteIndex: 0
      m_TileMatrixIndex: 0
      m_TileColorIndex: 0
      m_TileObjectToInstantiateIndex: 65535
      dummyAlignment: 0
      m_AllTileFlags: 1073741825
  - first: {x: 33, y: -12, z: 0}
    second:
      serializedVersion: 2
      m_TileIndex: 0
      m_TileSpriteIndex: 0
      m_TileMatrixIndex: 0
      m_TileColorIndex: 0
      m_TileObjectToInstantiateIndex: 65535
      dummyAlignment: 0
      m_AllTileFlags: 1073741825
  - first: {x: 35, y: -12, z: 0}
    second:
      serializedVersion: 2
      m_TileIndex: 0
      m_TileSpriteIndex: 0
      m_TileMatrixIndex: 0
      m_TileColorIndex: 0
      m_TileObjectToInstantiateIndex: 65535
      dummyAlignment: 0
      m_AllTileFlags: 1073741825
  - first: {x: 37, y: -12, z: 0}
    second:
      serializedVersion: 2
      m_TileIndex: 0
      m_TileSpriteIndex: 0
      m_TileMatrixIndex: 0
      m_TileColorIndex: 0
      m_TileObjectToInstantiateIndex: 65535
      dummyAlignment: 0
      m_AllTileFlags: 1073741825
  - first: {x: 39, y: -12, z: 0}
    second:
      serializedVersion: 2
      m_TileIndex: 0
      m_TileSpriteIndex: 0
      m_TileMatrixIndex: 0
      m_TileColorIndex: 0
      m_TileObjectToInstantiateIndex: 65535
      dummyAlignment: 0
      m_AllTileFlags: 1073741825
  - first: {x: 41, y: -12, z: 0}
    second:
      serializedVersion: 2
      m_TileIndex: 0
      m_TileSpriteIndex: 0
      m_TileMatrixIndex: 0
      m_TileColorIndex: 0
      m_TileObjectToInstantiateIndex: 65535
      dummyAlignment: 0
      m_AllTileFlags: 1073741825
  m_AnimatedTiles: {}
  m_TileAssetArray:
  - m_RefCount: 12
    m_Data: {fileID: 11400000, guid: 4a388cbaebc483545859b9c41e895ed8, type: 2}
  - m_RefCount: 0
    m_Data: {fileID: 0}
  - m_RefCount: 24
    m_Data: {fileID: 11400000, guid: 800746178ac31e14a9508ea16f7b9a22, type: 2}
  - m_RefCount: 4
    m_Data: {fileID: 11400000, guid: 962d84077fa45614baccf293affec89b, type: 2}
  - m_RefCount: 40
    m_Data: {fileID: 11400000, guid: c7a43bb2529537f429a9d72973afcf5d, type: 2}
  - m_RefCount: 0
    m_Data: {fileID: 0}
  m_TileSpriteArray:
  - m_RefCount: 12
    m_Data: {fileID: 21300000, guid: c4e808f19082eb640b5aa925259b17c2, type: 3}
  - m_RefCount: 0
    m_Data: {fileID: 0}
  - m_RefCount: 24
    m_Data: {fileID: 21300000, guid: dbeb5b47a47cab34e84c3830dd1490f3, type: 3}
  - m_RefCount: 4
    m_Data: {fileID: 21300000, guid: 253c8a49723c01048ba229364bc0fe69, type: 3}
  - m_RefCount: 40
    m_Data: {fileID: 21300000, guid: 8c8d8f8223eae384ba15bfda39160eea, type: 3}
  - m_RefCount: 0
    m_Data: {fileID: 0}
  m_TileMatrixArray:
  - m_RefCount: 80
    m_Data:
      e00: 1
      e01: 0
      e02: 0
      e03: 0
      e10: 0
      e11: 1
      e12: 0
      e13: 0
      e20: 0
      e21: 0
      e22: 1
      e23: 0
      e30: 0
      e31: 0
      e32: 0
      e33: 1
  m_TileColorArray:
  - m_RefCount: 80
    m_Data: {r: 1, g: 1, b: 1, a: 1}
  m_TileObjectToInstantiateArray: []
  m_AnimationFrameRate: 1
  m_Color: {r: 1, g: 1, b: 1, a: 1}
  m_Origin: {x: -43, y: -20, z: 0}
  m_Size: {x: 85, y: 20, z: 1}
  m_TileAnchor: {x: 0.5, y: 0.5, z: 0}
  m_TileOrientation: 0
  m_TileOrientationMatrix:
    e00: 1
    e01: 0
    e02: 0
    e03: 0
    e10: 0
    e11: 1
    e12: 0
    e13: 0
    e20: 0
    e21: 0
    e22: 1
    e23: 0
    e30: 0
    e31: 0
    e32: 0
    e33: 1
--- !u!19719996 &2052959848
TilemapCollider2D:
  m_ObjectHideFlags: 0
  m_CorrespondingSourceObject: {fileID: 0}
  m_PrefabInstance: {fileID: 0}
  m_PrefabAsset: {fileID: 0}
  m_GameObject: {fileID: 2052959844}
  m_Enabled: 1
  m_Density: 1
  m_Material: {fileID: 0}
  m_IsTrigger: 0
  m_UsedByEffector: 0
  m_UsedByComposite: 1
  m_Offset: {x: 0, y: 0}
  m_MaximumTileChangeCount: 1000
  m_ExtrusionFactor: 0.00001
--- !u!66 &2052959849
CompositeCollider2D:
  m_ObjectHideFlags: 0
  m_CorrespondingSourceObject: {fileID: 0}
  m_PrefabInstance: {fileID: 0}
  m_PrefabAsset: {fileID: 0}
  m_GameObject: {fileID: 2052959844}
  m_Enabled: 1
  m_Density: 1
  m_Material: {fileID: 0}
  m_IsTrigger: 0
  m_UsedByEffector: 0
  m_UsedByComposite: 0
  m_Offset: {x: 0, y: 0}
  m_GeometryType: 0
  m_GenerationType: 0
  m_EdgeRadius: 0
  m_ColliderPaths:
  - m_Collider: {fileID: 2052959848}
    m_ColliderPaths:
    - - X: 492397792
        Y: -137694080
      - X: 347832192
        Y: -137694080
      - X: 347832192
        Y: -279968960
      - X: 492397792
        Y: -279968960
    - - X: -163672192
        Y: -137694080
      - X: -308237824
        Y: -137694080
      - X: -308237824
        Y: -172184944
      - X: -307201920
        Y: -172184944
      - X: -307201920
        Y: -279968960
      - X: -163672192
        Y: -279968960
    - - X: -405382240
        Y: -138771904
      - X: -405727488
        Y: -137694080
      - X: -503907808
        Y: -137694080
      - X: -503907808
        Y: -279968960
      - X: -405382240
        Y: -279968960
  m_CompositePaths:
    m_Paths:
    - - {x: 49.23975, y: -27.996897}
      - {x: 49.23975, y: -13.769408}
      - {x: 34.78322, y: -13.769437}
      - {x: 34.78325, y: -27.996897}
    - - {x: -16.367249, y: -27.996897}
      - {x: -16.367249, y: -13.769408}
      - {x: -30.823782, y: -13.769437}
      - {x: -30.823753, y: -17.218494}
      - {x: -30.720192, y: -17.218523}
      - {x: -30.720163, y: -27.996897}
    - - {x: -40.538254, y: -27.996897}
      - {x: -40.538223, y: -13.877188}
      - {x: -40.57277, y: -13.769408}
      - {x: -50.39078, y: -13.769437}
      - {x: -50.39075, y: -27.996897}
  m_VertexDistance: 0.0005
  m_OffsetDistance: 0.00005
--- !u!50 &2052959850
Rigidbody2D:
  serializedVersion: 4
  m_ObjectHideFlags: 0
  m_CorrespondingSourceObject: {fileID: 0}
  m_PrefabInstance: {fileID: 0}
  m_PrefabAsset: {fileID: 0}
  m_GameObject: {fileID: 2052959844}
  m_BodyType: 2
  m_Simulated: 1
  m_UseFullKinematicContacts: 0
  m_UseAutoMass: 0
  m_Mass: 1
  m_LinearDrag: 0
  m_AngularDrag: 0.05
  m_GravityScale: 1
  m_Material: {fileID: 0}
  m_Interpolate: 0
  m_SleepingMode: 1
  m_CollisionDetection: 0
  m_Constraints: 0
--- !u!1001 &1094073835022174351
PrefabInstance:
  m_ObjectHideFlags: 0
  serializedVersion: 2
  m_Modification:
    m_TransformParent: {fileID: 0}
    m_Modifications:
    - target: {fileID: 1094073836120385373, guid: 84b321f78ec9b004b9e90789b6dd5856, type: 3}
      propertyPath: m_RootOrder
      value: 16
      objectReference: {fileID: 0}
    - target: {fileID: 1094073836120385373, guid: 84b321f78ec9b004b9e90789b6dd5856, type: 3}
      propertyPath: m_LocalPosition.x
      value: -31.46
      objectReference: {fileID: 0}
    - target: {fileID: 1094073836120385373, guid: 84b321f78ec9b004b9e90789b6dd5856, type: 3}
      propertyPath: m_LocalPosition.y
      value: -5.49
      objectReference: {fileID: 0}
    - target: {fileID: 1094073836120385373, guid: 84b321f78ec9b004b9e90789b6dd5856, type: 3}
      propertyPath: m_LocalPosition.z
      value: 0
      objectReference: {fileID: 0}
    - target: {fileID: 1094073836120385373, guid: 84b321f78ec9b004b9e90789b6dd5856, type: 3}
      propertyPath: m_LocalRotation.w
      value: 1
      objectReference: {fileID: 0}
    - target: {fileID: 1094073836120385373, guid: 84b321f78ec9b004b9e90789b6dd5856, type: 3}
      propertyPath: m_LocalRotation.x
      value: 0
      objectReference: {fileID: 0}
    - target: {fileID: 1094073836120385373, guid: 84b321f78ec9b004b9e90789b6dd5856, type: 3}
      propertyPath: m_LocalRotation.y
      value: 0
      objectReference: {fileID: 0}
    - target: {fileID: 1094073836120385373, guid: 84b321f78ec9b004b9e90789b6dd5856, type: 3}
      propertyPath: m_LocalRotation.z
      value: 0
      objectReference: {fileID: 0}
    - target: {fileID: 1094073836120385373, guid: 84b321f78ec9b004b9e90789b6dd5856, type: 3}
      propertyPath: m_LocalEulerAnglesHint.x
      value: 0
      objectReference: {fileID: 0}
    - target: {fileID: 1094073836120385373, guid: 84b321f78ec9b004b9e90789b6dd5856, type: 3}
      propertyPath: m_LocalEulerAnglesHint.y
      value: 0
      objectReference: {fileID: 0}
    - target: {fileID: 1094073836120385373, guid: 84b321f78ec9b004b9e90789b6dd5856, type: 3}
      propertyPath: m_LocalEulerAnglesHint.z
      value: 0
      objectReference: {fileID: 0}
    - target: {fileID: 1094073836120385375, guid: 84b321f78ec9b004b9e90789b6dd5856, type: 3}
      propertyPath: m_Name
      value: Limite
      objectReference: {fileID: 0}
    m_RemovedComponents: []
  m_SourcePrefab: {fileID: 100100000, guid: 84b321f78ec9b004b9e90789b6dd5856, type: 3}
--- !u!1001 &8265374587058725466
PrefabInstance:
  m_ObjectHideFlags: 0
  serializedVersion: 2
  m_Modification:
    m_TransformParent: {fileID: 0}
    m_Modifications:
    - target: {fileID: 8265374586903931552, guid: f8d78ca0644acfb4baee5b41e89be12b, type: 3}
      propertyPath: m_RootOrder
      value: 14
      objectReference: {fileID: 0}
    - target: {fileID: 8265374586903931552, guid: f8d78ca0644acfb4baee5b41e89be12b, type: 3}
      propertyPath: m_LocalPosition.x
      value: -43.71
      objectReference: {fileID: 0}
    - target: {fileID: 8265374586903931552, guid: f8d78ca0644acfb4baee5b41e89be12b, type: 3}
      propertyPath: m_LocalPosition.y
      value: -3.95
      objectReference: {fileID: 0}
    - target: {fileID: 8265374586903931552, guid: f8d78ca0644acfb4baee5b41e89be12b, type: 3}
      propertyPath: m_LocalPosition.z
      value: 0
      objectReference: {fileID: 0}
    - target: {fileID: 8265374586903931552, guid: f8d78ca0644acfb4baee5b41e89be12b, type: 3}
      propertyPath: m_LocalRotation.w
      value: 1
      objectReference: {fileID: 0}
    - target: {fileID: 8265374586903931552, guid: f8d78ca0644acfb4baee5b41e89be12b, type: 3}
      propertyPath: m_LocalRotation.x
      value: 0
      objectReference: {fileID: 0}
    - target: {fileID: 8265374586903931552, guid: f8d78ca0644acfb4baee5b41e89be12b, type: 3}
      propertyPath: m_LocalRotation.y
      value: 0
      objectReference: {fileID: 0}
    - target: {fileID: 8265374586903931552, guid: f8d78ca0644acfb4baee5b41e89be12b, type: 3}
      propertyPath: m_LocalRotation.z
      value: 0
      objectReference: {fileID: 0}
    - target: {fileID: 8265374586903931552, guid: f8d78ca0644acfb4baee5b41e89be12b, type: 3}
      propertyPath: m_LocalEulerAnglesHint.x
      value: 0
      objectReference: {fileID: 0}
    - target: {fileID: 8265374586903931552, guid: f8d78ca0644acfb4baee5b41e89be12b, type: 3}
      propertyPath: m_LocalEulerAnglesHint.y
      value: 0
      objectReference: {fileID: 0}
    - target: {fileID: 8265374586903931552, guid: f8d78ca0644acfb4baee5b41e89be12b, type: 3}
      propertyPath: m_LocalEulerAnglesHint.z
      value: 0
      objectReference: {fileID: 0}
    - target: {fileID: 8265374586903931558, guid: f8d78ca0644acfb4baee5b41e89be12b, type: 3}
      propertyPath: life
      value: 
      objectReference: {fileID: 1168813140}
    - target: {fileID: 8265374586903931558, guid: f8d78ca0644acfb4baee5b41e89be12b, type: 3}
      propertyPath: puntaje
      value: 
      objectReference: {fileID: 1168813140}
    - target: {fileID: 8265374586903931564, guid: f8d78ca0644acfb4baee5b41e89be12b, type: 3}
      propertyPath: m_Name
      value: Jugador
      objectReference: {fileID: 0}
    m_RemovedComponents: []
  m_SourcePrefab: {fileID: 100100000, guid: f8d78ca0644acfb4baee5b41e89be12b, type: 3}
--- !u!1001 &9003479886559342344
PrefabInstance:
  m_ObjectHideFlags: 0
  serializedVersion: 2
  m_Modification:
    m_TransformParent: {fileID: 0}
    m_Modifications:
    - target: {fileID: 9003479888116331786, guid: c484d7e6a88c32c4681a97ce00e186b9, type: 3}
      propertyPath: m_Name
      value: Enemigo
      objectReference: {fileID: 0}
    - target: {fileID: 9003479888116331791, guid: c484d7e6a88c32c4681a97ce00e186b9, type: 3}
      propertyPath: m_RootOrder
      value: 15
      objectReference: {fileID: 0}
    - target: {fileID: 9003479888116331791, guid: c484d7e6a88c32c4681a97ce00e186b9, type: 3}
      propertyPath: m_LocalPosition.x
      value: -22.454475
      objectReference: {fileID: 0}
    - target: {fileID: 9003479888116331791, guid: c484d7e6a88c32c4681a97ce00e186b9, type: 3}
      propertyPath: m_LocalPosition.y
      value: -4.5290375
      objectReference: {fileID: 0}
    - target: {fileID: 9003479888116331791, guid: c484d7e6a88c32c4681a97ce00e186b9, type: 3}
      propertyPath: m_LocalPosition.z
      value: 0
      objectReference: {fileID: 0}
    - target: {fileID: 9003479888116331791, guid: c484d7e6a88c32c4681a97ce00e186b9, type: 3}
      propertyPath: m_LocalRotation.w
      value: 1
      objectReference: {fileID: 0}
    - target: {fileID: 9003479888116331791, guid: c484d7e6a88c32c4681a97ce00e186b9, type: 3}
      propertyPath: m_LocalRotation.x
      value: 0
      objectReference: {fileID: 0}
    - target: {fileID: 9003479888116331791, guid: c484d7e6a88c32c4681a97ce00e186b9, type: 3}
      propertyPath: m_LocalRotation.y
      value: 0
      objectReference: {fileID: 0}
    - target: {fileID: 9003479888116331791, guid: c484d7e6a88c32c4681a97ce00e186b9, type: 3}
      propertyPath: m_LocalRotation.z
      value: 0
      objectReference: {fileID: 0}
    - target: {fileID: 9003479888116331791, guid: c484d7e6a88c32c4681a97ce00e186b9, type: 3}
      propertyPath: m_LocalEulerAnglesHint.x
      value: 0
      objectReference: {fileID: 0}
    - target: {fileID: 9003479888116331791, guid: c484d7e6a88c32c4681a97ce00e186b9, type: 3}
      propertyPath: m_LocalEulerAnglesHint.y
      value: 0
      objectReference: {fileID: 0}
    - target: {fileID: 9003479888116331791, guid: c484d7e6a88c32c4681a97ce00e186b9, type: 3}
      propertyPath: m_LocalEulerAnglesHint.z
      value: 0
      objectReference: {fileID: 0}
    m_RemovedComponents: []
  m_SourcePrefab: {fileID: 100100000, guid: c484d7e6a88c32c4681a97ce00e186b9, type: 3}
